115659787995119616,1850556607921924011,1850556607679701040,1526,1240,150,44000000,3,2,0,0,1,1
115659787995119617,1850556607921924011,1850556607679701042,1526,1486,150,52000000,3,2,0,0,2,2
115659787995119618,1850556607921924011,1850556607679701044,1526,1561,150,144000000,3,2,0,0,3,3
115659787995119619,1850556607921924011,1850556607679701046,1526,1686,150,62000000,3,2,0,0,4,4
115659787995119620,1850556607921924011,1850556607679701048,1526,1045,150,158000000,3,2,0,0,5,5
115659787995185152,1850556607922971111,1850556607679701048,1353,1045,150,32000000,3,2,0,0,6,6
115659787995185153,1850556607922971111,1850556607680750326,1353,1421,150,46000000,3,2,0,0,7,7
115659787995185154,1850556607922971111,1850556607680750328,1353,1274,150,182000000,3,2,0,0,8,8
115659787995185155,1850556607922971111,1850556607680750330,1353,1670,150,100000000,3,2,0,0,9,9
115659787995512832,1850556607928217743,1850556607679701039,1926,1777,150,86000000,1,2,0,0,1,10
115659787995512833,1850556607928217743,1850556607679701041,1926,1497,150,76000000,1,2,0,0,2,11
115659787995512834,1850556607928217743,1850556607679701043,1926,1278,150,64000000,1,2,0,0,3,12
115659787995512835,1850556607928217743,1850556607679701045,1926,1351,150,16000000,1,2,0,0,4,13
115659787995512836,1850556607928217743,1850556607679701047,1926,1199,150,172000000,1,2,0,0,5,14
115659787995512837,1850556607928217743,1850556607680750325,1926,1816,150,126000000,1,2,0,0,6,15
115659787995512838,1850556607928217743,1850556607680750327,1926,1207,150,196000000,1,2,0,0,7,16
115659787995512839,1850556607928217743,1850556607680750329,1926,1929,150,4000000,1,2,0,0,8,17
115659787995643904,1850556607930318847,1850556607680750329,1274,1929,150,64000000,1,2,0,0,9,18
115659787995643905,1850556607930318847,1850556607680750331,1274,1089,150,174000000,1,2,0,0,10,19
115659787995643906,1850556607930318847,1850556607680750333,1274,1768,150,134000000,1,2,0,0,11,20
115659787995643907,1850556607930318847,1850556607680750335,1274,1708,150,80000000,1,2,0,0,12,21
115659787995643908,1850556607930318847,1850556607680750337,1274,1788,150,38000000,1,2,0,0,13,22
115659787995906048,1850556607934507869,1850556607680750337,1518,1788,150,80000000,1,2,0,0,14,23
115659787995906049,1850556607934507869,1850556607681799969,1518,1188,150,20000000,1,2,0,0,15,24
115659787995906050,1850556607934507875,1850556607680750330,1527,1670,150,36000000,3,2,0,0,10,25
115659787995906051,1850556607934507875,1850556607680750332,1527,1977,150,60000000,3,2,0,0,11,26
115659787995906052,1850556607934507875,1850556607680750334,1527,1861,150,12000000,3,2,0,0,12,27
115659787995906053,1850556607934507875,1850556607680750336,1527,1254,150,98000000,3,2,0,0,13,28
115659787995906054,1850556607934507875,1850556607681799968,1527,1166,150,74000000,3,2,0,0,14,29
115659787995906055,1850556607934507875,1850556607681799971,1527,1851,150,6000000,3,2,0,0,15,30
115659787995906056,1850556607934507875,1850556607681799972,1527,1534,150,116000000,3,2,0,0,16,31
115659787995906057,1850556607934507875,1850556607681799976,1527,1427,150,134000000,3,2,0,0,17,32
115659787995906058,1850556607934507875,1850556607681799978,1527,1047,150,196000000,3,2,0,0,18,33
115659787995906059,1850556607934507875,1850556607682850792,1527,1678,150,142000000,3,2,0,0,19,34
115659787995906060,1850556607934507875,1850556607682850793,1527,1705,150,44000000,3,2,0,0,20,35
115659787995906061,1850556607934507875,1850556607682850794,1527,1816,150,12000000,3,2,0,0,21,36
115659787995971584,1850556607935554774,1850556607682850794,1210,1816,150,72000000,3,2,0,0,22,37
115659787995971585,1850556607935554774,1850556607682850796,1210,1080,150,136000000,3,2,0,0,23,38
115659787995971586,1850556607935554774,1850556607682850798,1210,1471,150,26000000,3,2,0,0,24,39
115659787995971587,1850556607935554774,1850556607682850799,1210,1158,150,52000000,3,2,0,0,25,40
115659787995971588,1850556607935554774,1850556607694384222,1210,1719,150,166000000,3,2,0,0,26,41
115659787995971589,1850556607935554774,1850556607694384224,1210,1145,150,178000000,3,2,0,0,27,42
115659787995971590,1850556607935554774,1850556607695432684,1210,1792,150,32000000,3,2,0,0,28,43
115659787995971591,1850556607935554774,1850556607695432685,1210,1436,150,158000000,3,2,0,0,29,44
115659787995971592,1850556607935554774,1850556607695432687,1210,1939,150,122000000,3,2,0,0,30,45
115659787995971593,1850556607935554774,1850556607695432688,1210,1944,150,2000000,3,2,0,0,31,46
115659787995971594,1850556607935554774,1850556607695432690,1210,1554,150,36000000,3,2,0,0,32,47
115659787995971595,1850556607935554776,1850556607681799969,1322,1188,150,136000000,1,2,0,0,16,48
115659787995971596,1850556607935554776,1850556607681799970,1322,1292,150,72000000,1,2,0,0,17,49
115659787995971597,1850556607935554776,1850556607681799973,1322,1953,150,46000000,1,2,0,0,18,50
115659787995971598,1850556607935554776,1850556607681799974,1322,1645,150,72000000,1,2,0,0,19,51
115659787995971599,1850556607935554776,1850556607681799975,1322,1693,150,12000000,1,2,0,0,20,52
115659787995971600,1850556607935554776,1850556607681799977,1322,1701,150,30000000,1,2,0,0,21,53
115659787995971601,1850556607935554776,1850556607681799979,1322,1797,150,130000000,1,2,0,0,22,54
115659787995971602,1850556607935554776,1850556607681799980,1322,1046,150,122000000,1,2,0,0,23,55
115659787995971603,1850556607935554776,1850556607682850795,1322,1291,150,102000000,1,2,0,0,24,56
115659787995971604,1850556607935554776,1850556607682850797,1322,1125,150,78000000,1,2,0,0,25,57
115659787995971605,1850556607935554777,1850556607695432690,1339,1554,150,82000000,3,2,0,0,33,58
115659787995971606,1850556607935554777,1850556607695432691,1339,1309,150,78000000,3,2,0,0,34,59
115659787995971607,1850556607935554779,1850556607695432691,1470,1309,150,54000000,3,2,0,0,35,60
115659787995971608,1850556607935554779,1850556607695432692,1470,1048,150,152000000,3,2,0,0,36,61
115659787995971609,1850556607935554779,1850556607695432693,1470,1898,150,132000000,3,2,0,0,37,62
115659787995971610,1850556607935554779,1850556607711161727,1470,1360,150,182000000,3,2,0,0,38,63
115659787995971611,1850556607935554779,1850556607711161729,1470,1721,150,178000000,3,2,0,0,39,64
115659787995971612,1850556607935554779,1850556607711161730,1470,1850,150,40000000,3,2,0,0,40,65
115659787995971613,1850556607935554779,1850556607712212345,1470,1798,150,152000000,3,2,0,0,41,66
115659787995971614,1850556607935554779,1850556607712212346,1470,1787,150,50000000,3,2,0,0,42,67
115659787995971615,1850556607935554784,1850556607682850797,1011,1125,150,44000000,1,2,0,0,26,68
115659787995971616,1850556607935554784,1850556607682850800,1011,1504,150,166000000,1,2,0,0,27,69
115659787995971617,1850556607935554784,1850556607682850801,1011,1696,150,40000000,1,2,0,0,28,70
115659787995971618,1850556607935554784,1850556607694384221,1011,1424,150,34000000,1,2,0,0,29,71
115659787995971619,1850556607935554784,1850556607694384223,1011,1159,150,164000000,1,2,0,0,30,72
115659787995971620,1850556607935554784,1850556607694384225,1011,1766,150,12000000,1,2,0,0,31,73
115659787995971621,1850556607935554784,1850556607695432682,1011,1794,150,32000000,1,2,0,0,32,74
115659787995971622,1850556607935554784,1850556607695432683,1011,1013,150,126000000,1,2,0,0,33,75
115659787995971623,1850556607935554784,1850556607695432686,1011,1465,150,32000000,1,2,0,0,34,76
115659787995971624,1850556607935554784,1850556607695432689,1011,1118,150,176000000,1,2,0,0,35,77
115659787995971625,1850556607935554784,1850556607695432694,1011,1082,150,64000000,1,2,0,0,36,78
115659787995971626,1850556607935554787,1850556607712212346,1982,1787,150,50000000,3,2,0,0,43,79
115659787995971627,1850556607935554787,1850556607712212347,1982,1804,150,4000000,3,2,0,0,44,80
115659787995971628,1850556607935554787,1850556607712212352,1982,1536,150,192000000,3,2,0,0,45,81
115659787995971629,1850556607935554787,1850556607712212353,1982,1510,150,196000000,3,2,0,0,46,82
115659787995971630,1850556607935554787,1850556607712212354,1982,1585,150,148000000,3,2,0,0,47,83
115659787996037120,1850556607936602342,1850556607712212354,1285,1585,150,8000000,3,2,0,0,48,84
115659787996037121,1850556607936602342,1850556607712212355,1285,1869,150,48000000,3,2,0,0,49,85
115659787996037122,1850556607936602342,1850556607712212358,1285,1281,150,16000000,3,2,0,0,50,86
115659787996037123,1850556607936602342,1850556607712212359,1285,1635,150,116000000,3,2,0,0,51,87
115659787996037124,1850556607936602342,1850556607712212360,1285,1450,150,42000000,3,2,0,0,52,88
115659787996037125,1850556607936602342,1850556607712212362,1285,1111,150,18000000,3,2,0,0,53,89
115659787996037126,1850556607936602342,1850556607713262817,1285,1582,150,42000000,3,2,0,0,54,90
115659787996037127,1850556607936602345,1850556607695432694,1338,1082,150,20000000,1,2,0,0,37,91
115659787996037128,1850556607936602348,1850556607695432694,1963,1082,150,76000000,1,2,0,0,38,92
115659787996037129,1850556607936602348,1850556607696480643,1963,1669,150,12000000,1,2,0,0,39,93
115659787996037130,1850556607936602348,1850556607711161728,1963,1438,150,174000000,1,2,0,0,40,94
115659787996037131,1850556607936602348,1850556607711161731,1963,1572,150,72000000,1,2,0,0,41,95
115659787996037132,1850556607936602348,1850556607712212343,1963,1814,150,176000000,1,2,0,0,42,96
115659787996037133,1850556607936602348,1850556607712212344,1963,1145,150,52000000,1,2,0,0,43,97
115659787996037134,1850556607936602348,1850556607712212348,1963,1790,150,162000000,1,2,0,0,44,98
115659787996037135,1850556607936602348,1850556607712212349,1963,1788,150,82000000,1,2,0,0,45,99
115659787996037136,1850556607936602348,1850556607712212350,1963,1340,150,24000000,1,2,0,0,46,100
115659787996168192,1850556607938703589,1850556607712212350,1469,1340,150,174000000,1,2,0,0,47,101
115659787996168193,1850556607938703589,1850556607712212351,1469,1507,150,108000000,1,2,0,0,48,102
115659787996168194,1850556607938703589,1850556607712212356,1469,1875,150,18000000,1,2,0,0,49,103
115659787996168195,1850556607938703591,1850556607712212356,1362,1875,150,98000000,1,2,0,0,50,104
115659787996168196,1850556607938703591,1850556607712212357,1362,1019,150,24000000,1,2,0,0,51,105
115659787996168197,1850556607938703591,1850556607712212361,1362,1277,150,48000000,1,2,0,0,52,106
115659787996168198,1850556607938703591,1850556607713262816,1362,1739,150,118000000,1,2,0,0,53,107
115659787996168199,1850556607938703591,1850556607713262818,1362,1129,150,136000000,1,2,0,0,54,108
115659787996168200,1850556607938703591,1850556607713262819,1362,1528,150,46000000,1,2,0,0,55,109
115659787996233728,1850556607939753918,1850556607713262819,1665,1528,150,98000000,1,2,0,0,56,110
115659787996233729,1850556607939753918,1850556607713262820,1665,1311,150,132000000,1,2,0,0,57,111
115659787996233730,1850556607939753918,1850556607713262821,1665,1440,150,114000000,1,2,0,0,58,112
115659787996233731,1850556607939753918,1850556607713262823,1665,1707,150,56000000,1,2,0,0,59,113
115659787996233732,1850556607939753918,1850556607713262824,1665,1035,150,30000000,1,2,0,0,60,114
115659787996233733,1850556607939753929,1850556607713262824,1190,1035,150,102000000,1,2,0,0,61,115
115659787996233734,1850556607939753929,1850556607713262827,1190,1901,150,50000000,1,2,0,0,62,116
115659787996233735,1850556607939753929,1850556607713262826,1190,1730,150,10000000,1,2,0,0,63,117
115659787996233736,1850556607939753929,1850556607713262828,1190,1629,150,66000000,1,2,0,0,64,118
115659787996233737,1850556607939753929,1850556607714311253,1190,1603,150,174000000,1,2,0,0,65,119
115659787996233738,1850556607939753929,1850556607714311255,1190,1214,150,152000000,1,2,0,0,66,120
115659787996233739,1850556607939753929,1850556607714311260,1190,1003,150,104000000,1,2,0,0,67,121
115659787996233740,1850556607939753929,1850556607714311262,1190,1580,150,96000000,1,2,0,0,68,122
115659787996233741,1850556607939753929,1850556607714311264,1190,1481,150,10000000,1,2,0,0,69,123
115659787996233742,1850556607939753929,1850556607715359394,1190,1192,150,18000000,1,2,0,0,70,124
115659787996233743,1850556607939753929,1850556607715359399,1190,1552,150,22000000,1,2,0,0,71,125
115659787996233744,1850556607939753929,1850556607715359400,1190,1309,150,66000000,1,2,0,0,72,126
115659787996233745,1850556607939753929,1850556607715359401,1190,1853,150,20000000,1,2,0,0,73,127
115659787996495872,1850556607943946410,1850556607713262817,1648,1582,150,86000000,3,2,0,0,55,128
115659787996495873,1850556607943946410,1850556607713262822,1648,1695,150,92000000,3,2,0,0,56,129
115659787996495874,1850556607943946410,1850556607713262825,1648,1838,150,122000000,3,2,0,0,57,130
115659787996495875,1850556607943946410,1850556607713262829,1648,1433,150,72000000,3,2,0,0,58,131
115659787996495876,1850556607943946410,1850556607713262831,1648,1580,150,58000000,3,2,0,0,59,132
115659787996495877,1850556607943946416,1850556607713262831,1438,1580,150,82000000,3,2,0,0,60,133
115659787996495878,1850556607943946416,1850556607713262830,1438,1992,150,180000000,3,2,0,0,61,134
115659787996495879,1850556607943946416,1850556607714311252,1438,1806,150,90000000,3,2,0,0,62,135
115659787996495880,1850556607943946416,1850556607714311254,1438,1461,150,24000000,3,2,0,0,63,136
115659787996495881,1850556607943946416,1850556607714311256,1438,1056,150,150000000,3,2,0,0,64,137
115659787996495882,1850556607943946416,1850556607714311258,1438,1393,150,78000000,3,2,0,0,65,138
115659787996495883,1850556607943946416,1850556607714311257,1438,1217,150,178000000,3,2,0,0,66,139
115659787996495884,1850556607943946416,1850556607714311259,1438,1173,150,168000000,3,2,0,0,67,140
115659787996495885,1850556607943946422,1850556607715359401,1516,1853,150,48000000,1,2,0,0,74,141
115659787996495886,1850556607943946422,1850556607715359404,1516,1370,150,60000000,1,2,0,0,75,142
115659787996495887,1850556607943946422,1850556607715359405,1516,1889,150,72000000,1,2,0,0,76,143
115659787996495888,1850556607943946423,1850556607714311259,1730,1173,150,2000000,3,2,0,0,68,144
115659787996495889,1850556607943946423,1850556607714311261,1730,1144,150,128000000,3,2,0,0,69,145
115659787996495890,1850556607943946424,1850556607714311261,1160,1144,150,52000000,3,2,0,0,70,146
115659787996495891,1850556607943946424,1850556607714311263,1160,1936,150,100000000,3,2,0,0,71,147
115659787996495892,1850556607943946424,1850556607714311265,1160,1818,150,44000000,3,2,0,0,72,148
115659787996495893,1850556607943946424,1850556607715359395,1160,1634,150,116000000,3,2,0,0,73,149
115659787996495894,1850556607943946424,1850556607715359396,1160,1417,150,174000000,3,2,0,0,74,150
115659787996495895,1850556607943946424,1850556607715359397,1160,1695,150,60000000,3,2,0,0,75,151
115659787996495896,1850556607943946424,1850556607715359402,1160,1906,150,62000000,3,2,0,0,76,152
115659787996495897,1850556607943946424,1850556607715359403,1160,1770,150,116000000,3,2,0,0,77,153
115659787996495898,1850556607943946424,1850556607715359406,1160,1750,150,6000000,3,2,0,0,78,154
115659787996495899,1850556607943946425,1850556607715359405,1965,1889,150,108000000,1,2,0,0,77,155
115659787996495900,1850556607943946425,1850556607715359409,1965,1761,150,34000000,1,2,0,0,78,156
115659787996495901,1850556607943946425,1850556607716401677,1965,1172,150,94000000,1,2,0,0,79,157
115659787996495902,1850556607943946425,1850556607716401678,1965,1505,150,118000000,1,2,0,0,80,158
115659787996495903,1850556607943946425,1850556607716401681,1965,1185,150,114000000,1,2,0,0,81,159
115659787996495904,1850556607943946425,1850556607716401682,1965,1830,150,2000000,1,2,0,0,82,160
115659787996495905,1850556607943946430,1850556607715359406,1007,1750,150,106000000,3,2,0,0,79,161
115659787996495906,1850556607943946430,1850556607715359407,1007,1810,150,172000000,3,2,0,0,80,162
115659787996495907,1850556607943946430,1850556607715359408,1007,1273,150,68000000,3,2,0,0,81,163
115659787996495908,1850556607943946430,1850556607716401679,1007,1058,150,48000000,3,2,0,0,82,164
115659787996495909,1850556607943946430,1850556607716401680,1007,1258,150,188000000,3,2,0,0,83,165
115659787996495910,1850556607943946430,1850556607716401683,1007,1256,150,18000000,3,2,0,0,84,166
115659787996495911,1850556607943946431,1850556607716401682,1205,1830,150,32000000,1,2,0,0,83,167
115659787996495912,1850556607943946431,1850556607716401687,1205,1253,150,50000000,1,2,0,0,84,168
115659787996495913,1850556607943946431,1850556607716401688,1205,1213,150,140000000,1,2,0,0,85,169
115659787996495914,1850556607943946431,1850556607717454464,1205,1397,150,176000000,1,2,0,0,86,170
115659787996495915,1850556607943946431,1850556607715359398,1205,1807,150,56000000,1,2,0,0,87,171
115659787996495916,1850556607943946431,1850556607717454466,1205,1642,150,100000000,1,2,0,0,88,172
115659787996495917,1850556607943946431,1850556607717454467,1205,1138,150,112000000,1,2,0,0,89,173
115659787996495918,1850556607943946431,1850556607717454468,1205,1031,150,186000000,1,2,0,0,90,174
115659787996495919,1850556607943946431,1850556607717454471,1205,1313,150,68000000,1,2,0,0,91,175
115659787996495920,1850556607943946432,1850556607716401683,1491,1256,150,104000000,3,2,0,0,85,176
115659787996495921,1850556607943946432,1850556607716401684,1491,1486,150,100000000,3,2,0,0,86,177
115659787996495922,1850556607943946432,1850556607716401685,1491,1774,150,138000000,3,2,0,0,87,178
115659787996495923,1850556607943946432,1850556607716401686,1491,1000,150,86000000,3,2,0,0,88,179
115659787996495924,1850556607943946432,1850556607716401689,1491,1673,150,56000000,3,2,0,0,89,180
115659787996495925,1850556607943946432,1850556607716401690,1491,1760,150,22000000,3,2,0,0,90,181
115659787996495926,1850556607943946432,1850556607717454465,1491,1920,150,62000000,3,2,0,0,91,182
115659787996495927,1850556607943946432,1850556607717454469,1491,1718,150,196000000,3,2,0,0,92,183
115659787996495928,1850556607943946432,1850556607717454470,1491,1340,150,114000000,3,2,0,0,93,184
115659787996495929,1850556607943946432,1850556607717454473,1491,1543,150,42000000,3,2,0,0,94,185
115659787996495930,1850556607943946434,1850556607717454471,1402,1313,150,20000000,1,2,0,0,92,186
115659787996495931,1850556607943946436,1850556607717454471,1041,1313,150,66000000,1,2,0,0,93,187
115659787996495932,1850556607943946436,1850556607717454472,1041,1043,150,78000000,1,2,0,0,94,188
115659787996495933,1850556607943946436,1850556607717454475,1041,1109,150,18000000,1,2,0,0,95,189
115659787996495934,1850556607943946436,1850556607717454476,1041,1409,150,78000000,1,2,0,0,96,190
115659787996495935,1850556607943946436,1850556607718499121,1041,1141,150,72000000,1,2,0,0,97,191
115659787996495936,1850556607943946436,1850556607718499122,1041,1792,150,186000000,1,2,0,0,98,192
115659787996495937,1850556607943946436,1850556607718499124,1041,1387,150,144000000,1,2,0,0,99,193
115659787996495938,1850556607943946436,1850556607718499125,1041,1300,150,128000000,1,2,0,0,100,194
115659787996561408,1850556607944996050,1850556607718499125,1039,1300,150,34000000,1,2,0,0,101,195
115659787996561409,1850556607944996050,1850556607718499128,1039,1509,150,110000000,1,2,0,0,102,196
115659787996561410,1850556607944996050,1850556607718499131,1039,1896,150,122000000,1,2,0,0,103,197
115659787996561411,1850556607944996050,1850556607718499132,1039,1004,150,78000000,1,2,0,0,104,198
115659787996561412,1850556607944996050,1850556607724793912,1039,1143,150,20000000,1,2,0,0,105,199
115659787996561413,1850556607944996050,1850556607724793913,1039,1336,150,4000000,1,2,0,0,106,200
115659787996561414,1850556607944996050,1850556607725840329,1039,1027,150,44000000,1,2,0,0,107,201
115659787996561415,1850556607944996050,1850556607725840330,1039,1052,150,140000000,1,2,0,0,108,202
115659787996561416,1850556607944996050,1850556607725840331,1039,1179,150,28000000,1,2,0,0,109,203
115659787996692480,1850556607947088486,1850556607717454473,1102,1543,150,50000000,3,2,0,0,95,204
115659787996823552,1850556607949185609,1850556607725840331,1020,1179,150,116000000,1,2,0,0,110,205
115659787996823553,1850556607949185609,1850556607725840332,1020,1852,150,86000000,1,2,0,0,111,206
115659787996823554,1850556607949185609,1850556607725840334,1020,1454,150,88000000,1,2,0,0,112,207
115659787996823555,1850556607949185609,1850556607725840337,1020,1871,150,30000000,1,2,0,0,113,208
115659787996823556,1850556607949185609,1850556607725840338,1020,1662,150,70000000,1,2,0,0,114,209
115659787996823557,1850556607949185609,1850556607725840342,1020,1876,150,20000000,1,2,0,0,115,210
115659787996823558,1850556607949185609,1850556607725840343,1020,1902,150,12000000,1,2,0,0,116,211
115659787996823559,1850556607949185609,1850556607725840344,1020,1894,150,76000000,1,2,0,0,117,212
115659787996823560,1850556607949185609,1850556607725840345,1020,1999,150,132000000,1,2,0,0,118,213
115659787996823561,1850556607949185609,1850556607725840347,1020,1208,150,188000000,1,2,0,0,119,214
115659787996823562,1850556607949185609,1850556607725840348,1020,1789,150,62000000,1,2,0,0,120,215
115659787996889088,1850556607949185612,1850556607717454473,1319,1543,150,8000000,3,2,0,0,96,216
115659787996889089,1850556607949185612,1850556607717454474,1319,1771,150,166000000,3,2,0,0,97,217
115659787996889090,1850556607949185612,1850556607717454477,1319,1455,150,78000000,3,2,0,0,98,218
115659787996889091,1850556607949185612,1850556607718499123,1319,1639,150,30000000,3,2,0,0,99,219
115659787996889092,1850556607949185612,1850556607718499126,1319,1584,150,188000000,3,2,0,0,100,220
115659787996889093,1850556607949185612,1850556607718499127,1319,1068,150,160000000,3,2,0,0,101,221
115659787996889094,1850556607950236038,1850556607725840348,1082,1789,150,82000000,1,2,0,0,121,222
115659787996889095,1850556607950236038,1850556607725840352,1082,1306,150,184000000,1,2,0,0,122,223
115659787996889096,1850556607950236038,1850556607726892262,1082,1957,150,168000000,1,2,0,0,123,224
115659787996889097,1850556607950236038,1850556607726892264,1082,1291,150,24000000,1,2,0,0,124,225
115659787996889098,1850556607950236038,1850556607726892265,1082,1532,150,36000000,1,2,0,0,125,226
115659787996889099,1850556607950236038,1850556607726892266,1082,1552,150,18000000,1,2,0,0,126,227
115659787996889100,1850556607950236038,1850556607726892270,1082,1120,150,120000000,1,2,0,0,127,228
115659787996889101,1850556607950236038,1850556607726892271,1082,1433,150,18000000,1,2,0,0,128,229
115659787996889102,1850556607950236038,1850556607726892274,1082,1425,150,20000000,1,2,0,0,129,230
115659787997151232,1850556607954433043,1850556607718499127,1271,1068,150,16000000,3,2,0,0,102,231
115659787997151233,1850556607954433043,1850556607718499129,1271,1183,150,166000000,3,2,0,0,103,232
115659787997151234,1850556607954433043,1850556607718499130,1271,1540,150,6000000,3,2,0,0,104,233
115659787997151235,1850556607954433043,1850556607718499133,1271,1575,150,104000000,3,2,0,0,105,234
115659787997151236,1850556607954433043,1850556607719552428,1271,1160,150,94000000,3,2,0,0,106,235
115659787997151237,1850556607954433043,1850556607724793911,1271,1318,150,34000000,3,2,0,0,107,236
115659787997151238,1850556607954433043,1850556607724793915,1271,1482,150,50000000,3,2,0,0,108,237
115659787997151239,1850556607954433044,1850556607724793915,1203,1482,150,6000000,3,2,0,0,109,238
115659787997151240,1850556607954433044,1850556607724793914,1203,1615,150,78000000,3,2,0,0,110,239
115659787997151241,1850556607954433044,1850556607724793916,1203,1101,150,32000000,3,2,0,0,111,240
115659787997151242,1850556607954433044,1850556607724793917,1203,1029,150,194000000,3,2,0,0,112,241
115659787997151243,1850556607954433044,1850556607725840333,1203,1290,150,30000000,3,2,0,0,113,242
115659787997216768,1850556607955476719,1850556607726892274,1782,1425,150,136000000,1,2,0,0,130,243
115659787997216769,1850556607955476719,1850556607726892275,1782,1281,150,152000000,1,2,0,0,131,244
115659787997216770,1850556607955476719,1850556607726892277,1782,1133,150,42000000,1,2,0,0,132,245
115659787997216771,1850556607955476719,1850556607726892280,1782,1288,150,90000000,1,2,0,0,133,246
115659787997216772,1850556607955476720,1850556607725840333,1275,1290,150,60000000,3,2,0,0,114,247
115659787997216773,1850556607955476720,1850556607725840335,1275,1214,150,2000000,3,2,0,0,115,248
115659787997216774,1850556607955476720,1850556607725840336,1275,1626,150,38000000,3,2,0,0,116,249
115659787997216775,1850556607955476720,1850556607725840339,1275,1424,150,124000000,3,2,0,0,117,250
115659787997216776,1850556607955476720,1850556607725840340,1275,1580,150,26000000,3,2,0,0,118,251
115659787997216777,1850556607955476720,1850556607725840341,1275,1375,150,104000000,3,2,0,0,119,252
115659787997216778,1850556607955476720,1850556607725840346,1275,1416,150,176000000,3,2,0,0,120,253
115659787997216779,1850556607955476720,1850556607725840349,1275,1410,150,90000000,3,2,0,0,121,254
115659787997216780,1850556607955476720,1850556607725840350,1275,1079,150,140000000,3,2,0,0,122,255
115659787997216781,1850556607955476720,1850556607725840353,1275,1039,150,118000000,3,2,0,0,123,256
115659787997216782,1850556607955476720,1850556607725840351,1275,1202,150,12000000,3,2,0,0,124,257
115659787997282304,1850556607955476721,1850556607725840351,1649,1202,150,140000000,3,2,0,0,125,258
115659787997282305,1850556607955476721,1850556607726892263,1649,1608,150,184000000,3,2,0,0,126,259
115659787997282306,1850556607955476721,1850556607726892267,1649,1906,150,182000000,3,2,0,0,127,260
115659787997282307,1850556607955476721,1850556607726892269,1649,1620,150,112000000,3,2,0,0,128,261
115659787997282308,1850556607955476721,1850556607726892268,1649,1179,150,32000000,3,2,0,0,129,262
115659787997282309,1850556607956531048,1850556607726892280,1267,1288,150,66000000,1,2,0,0,134,263
115659787997282310,1850556607956531048,1850556607726892284,1267,1219,150,4000000,1,2,0,0,135,264
115659787997282311,1850556607956531049,1850556607726892284,1297,1219,150,72000000,1,2,0,0,136,265
115659787997282312,1850556607956531049,1850556607727943231,1297,1973,150,114000000,1,2,0,0,137,266
115659787997282313,1850556607956531049,1850556607727943230,1297,1725,150,32000000,1,2,0,0,138,267
115659787997282314,1850556607956531049,1850556607727943234,1297,1315,150,28000000,1,2,0,0,139,268
115659787997282315,1850556607956531049,1850556607727943235,1297,1484,150,44000000,1,2,0,0,140,269
115659787997282316,1850556607956531049,1850556607727943237,1297,1547,150,140000000,1,2,0,0,141,270
115659787997282317,1850556607956531049,1850556607727943238,1297,1947,150,50000000,1,2,0,0,142,271
115659787997282318,1850556607956531049,1850556607727943239,1297,1310,150,148000000,1,2,0,0,143,272
115659787997282319,1850556607956531049,1850556607728987453,1297,1917,150,124000000,1,2,0,0,144,273
115659787997282320,1850556607956531049,1850556607728987454,1297,1402,150,22000000,1,2,0,0,145,274
115659787997282321,1850556607956531049,1850556607728987456,1297,1927,150,146000000,1,2,0,0,146,275
115659787997282322,1850556607956531053,1850556607728987456,1107,1927,150,20000000,1,2,0,0,147,276
115659787997282323,1850556607956531053,1850556607728987458,1107,1789,150,128000000,1,2,0,0,148,277
115659787997282324,1850556607956531053,1850556607728987461,1107,1458,150,16000000,1,2,0,0,149,278
115659787997282325,1850556607956531053,1850556607728987462,1107,1784,150,158000000,1,2,0,0,150,279
115659787997282326,1850556607956531053,1850556607728987463,1107,1217,150,180000000,1,2,0,0,151,280
115659787997282327,1850556607956531053,1850556607728987464,1107,1457,150,170000000,1,2,0,0,152,281
115659787997282328,1850556607956531053,1850556607730039727,1107,1378,150,28000000,1,2,0,0,153,282
115659787997347840,1850556607957578035,1850556607730039727,1428,1378,150,94000000,1,2,0,0,154,283
115659787997347841,1850556607957578035,1850556607730039729,1428,1612,150,10000000,1,2,0,0,155,284
115659787997347842,1850556607957578035,1850556607730039734,1428,1894,150,52000000,1,2,0,0,156,285
115659787997347843,1850556607957578035,1850556607730039735,1428,1371,150,84000000,1,2,0,0,157,286
115659787997413376,1850556607958625475,1850556607726892268,1525,1179,150,142000000,3,2,0,0,130,287
115659787997413377,1850556607958625475,1850556607726892272,1525,1939,150,190000000,3,2,0,0,131,288
115659787997413378,1850556607958625475,1850556607726892273,1525,1105,150,198000000,3,2,0,0,132,289
115659787997413379,1850556607958625475,1850556607726892276,1525,1168,150,42000000,3,2,0,0,133,290
115659787997413380,1850556607958625475,1850556607726892278,1525,1706,150,26000000,3,2,0,0,134,291
115659787997413381,1850556607958625475,1850556607726892279,1525,1892,150,56000000,3,2,0,0,135,292
115659787997413382,1850556607958625475,1850556607726892282,1525,1144,150,14000000,3,2,0,0,136,293
115659787997413383,1850556607958625475,1850556607726892281,1525,1158,150,98000000,3,2,0,0,137,294
115659787997413384,1850556607958625475,1850556607726892283,1525,1080,150,34000000,3,2,0,0,138,295
115659787997413385,1850556607958625477,1850556607730039735,1181,1371,150,76000000,1,2,0,0,158,296
115659787997413386,1850556607958625477,1850556607732133052,1181,1208,150,14000000,1,2,0,0,159,297
115659787997413387,1850556607958625478,1850556607732133052,1934,1208,150,90000000,1,2,0,0,160,298
115659787997413388,1850556607958625478,1850556607732133054,1934,1577,150,198000000,1,2,0,0,161,299
115659787997413389,1850556607958625478,1850556607732133053,1934,1878,150,196000000,1,2,0,0,162,300
115659787997413390,1850556607958625478,1850556607732133056,1934,1570,150,88000000,1,2,0,0,163,301
115659787997413391,1850556607958625478,1850556607732133058,1934,1819,150,28000000,1,2,0,0,164,302
115659787997413392,1850556607958625479,1850556607726892283,1148,1080,150,10000000,3,2,0,0,139,303
115659787997478912,1850556607959675275,1850556607726892283,1139,1080,150,52000000,3,2,0,0,140,304
115659787997478913,1850556607959675275,1850556607727943229,1139,1864,150,112000000,3,2,0,0,141,305
115659787997478914,1850556607959675275,1850556607727943232,1139,1851,150,114000000,3,2,0,0,142,306
115659787997478915,1850556607959675275,1850556607727943233,1139,1200,150,94000000,3,2,0,0,143,307
115659787997478916,1850556607959675275,1850556607727943236,1139,1936,150,128000000,3,2,0,0,144,308
115659787997478917,1850556607959675275,1850556607727943240,1139,1125,150,10000000,3,2,0,0,145,309
115659787997544448,1850556607960725814,1850556607727943240,1956,1125,150,74000000,3,2,0,0,146,310
115659787997544449,1850556607960725814,1850556607727943242,1956,1045,150,10000000,3,2,0,0,147,311
115659787997544450,1850556607960725814,1850556607727943241,1956,1392,150,112000000,3,2,0,0,148,312
115659787997544451,1850556607960725814,1850556607728987455,1956,1033,150,134000000,3,2,0,0,149,313
115659787997544452,1850556607960725815,1850556607732133058,1892,1819,150,96000000,1,2,0,0,165,314
115659787997544453,1850556607960725815,1850556607732133057,1892,1636,150,90000000,1,2,0,0,166,315
115659787997544454,1850556607960725815,1850556607732133059,1892,1318,150,140000000,1,2,0,0,167,316
115659787997544455,1850556607960725815,1850556607733186042,1892,1128,150,64000000,1,2,0,0,168,317
115659787997544456,1850556607960725815,1850556607733186043,1892,1642,150,144000000,1,2,0,0,169,318
115659787997544457,1850556607960725815,1850556607733186045,1892,1918,150,60000000,1,2,0,0,170,319
115659787997544458,1850556607960725815,1850556607733186047,1892,1407,150,106000000,1,2,0,0,171,320
115659787997544459,1850556607960725816,1850556607733186047,1626,1407,150,68000000,1,2,0,0,172,321
115659787997544460,1850556607960725816,1850556607733186052,1626,1828,150,78000000,1,2,0,0,173,322
115659787997544461,1850556607960725816,1850556607733186054,1626,1181,150,10000000,1,2,0,0,174,323
115659787997544462,1850556607960725816,1850556607733186055,1626,1623,150,38000000,1,2,0,0,175,324
115659787997544463,1850556607960725816,1850556607735279635,1626,1578,150,126000000,1,2,0,0,176,325
115659787997544464,1850556607960725817,1850556607728987455,1187,1033,150,64000000,3,2,0,0,150,326
115659787997544465,1850556607960725817,1850556607728987457,1187,1270,150,18000000,3,2,0,0,151,327
115659787997544466,1850556607960725817,1850556607728987459,1187,1870,150,22000000,3,2,0,0,152,328
115659787997544467,1850556607960725817,1850556607728987460,1187,1409,150,170000000,3,2,0,0,153,329
115659787997544468,1850556607960725817,1850556607728987465,1187,1129,150,166000000,3,2,0,0,154,330
115659787997544469,1850556607960725817,1850556607730039726,1187,1388,150,172000000,3,2,0,0,155,331
115659787997544470,1850556607960725817,1850556607730039728,1187,1381,150,18000000,3,2,0,0,156,332
115659787997544471,1850556607960725818,1850556607730039728,1657,1381,150,122000000,3,2,0,0,157,333
115659787997544472,1850556607960725818,1850556607730039730,1657,1971,150,78000000,3,2,0,0,158,334
115659787997544473,1850556607960725818,1850556607730039731,1657,1812,150,174000000,3,2,0,0,159,335
115659787997544474,1850556607960725818,1850556607730039732,1657,1601,150,48000000,3,2,0,0,160,336
115659787997544475,1850556607960725818,1850556607730039733,1657,1828,150,22000000,3,2,0,0,161,337
115659787997544476,1850556607960725818,1850556607730039736,1657,1041,150,56000000,3,2,0,0,162,338
115659787997544477,1850556607960725819,1850556607730039736,1225,1041,150,98000000,3,2,0,0,163,339
115659787997544478,1850556607960725819,1850556607730039737,1225,1030,150,4000000,3,2,0,0,164,340
115659787997544479,1850556607960725819,1850556607730039738,1225,1107,150,118000000,3,2,0,0,165,341
115659787997544480,1850556607960725820,1850556607730039738,1351,1107,150,42000000,3,2,0,0,166,342
115659787997544481,1850556607960725820,1850556607730039739,1351,1143,150,56000000,3,2,0,0,167,343
115659787997544482,1850556607960725820,1850556607732133048,1351,1289,150,58000000,3,2,0,0,168,344
115659787997544483,1850556607960725820,1850556607732133047,1351,1242,150,184000000,3,2,0,0,169,345
115659787997544484,1850556607960725820,1850556607732133049,1351,1644,150,70000000,3,2,0,0,170,346
115659787997544485,1850556607960725821,1850556607732133049,1848,1644,150,60000000,3,2,0,0,171,347
115659787997544486,1850556607960725821,1850556607732133050,1848,1783,150,92000000,3,2,0,0,172,348
115659787997544487,1850556607960725821,1850556607732133051,1848,1959,150,82000000,3,2,0,0,173,349
115659787997544488,1850556607960725821,1850556607732133055,1848,1020,150,176000000,3,2,0,0,174,350
115659787997544489,1850556607960725821,1850556607732133060,1848,1697,150,168000000,3,2,0,0,175,351
115659787997544490,1850556607960725821,1850556607733186044,1848,1234,150,52000000,3,2,0,0,176,352
115659787997544491,1850556607960725821,1850556607733186046,1848,1973,150,74000000,3,2,0,0,177,353
115659787997544492,1850556607960725821,1850556607733186048,1848,1257,150,194000000,3,2,0,0,178,354
115659787997544493,1850556607960725821,1850556607733186049,1848,1124,150,52000000,3,2,0,0,179,355
115659787997544494,1850556607960725825,1850556607733186049,1682,1124,150,40000000,3,2,0,0,180,356
115659787997544495,1850556607960725826,1850556607733186049,1722,1124,150,76000000,3,2,0,0,181,357
115659787997544496,1850556607960725826,1850556607733186050,1722,1616,150,66000000,3,2,0,0,182,358
115659787997544497,1850556607960725826,1850556607733186051,1722,1190,150,10000000,3,2,0,0,183,359
115659787997544498,1850556607960725826,1850556607733186053,1722,1671,150,170000000,3,2,0,0,184,360
115659787997544499,1850556607960725826,1850556607734231787,1722,1325,150,66000000,3,2,0,0,185,361
115659787997544500,1850556607960725826,1850556607746817729,1722,1470,150,76000000,3,2,0,0,186,362
115659787997544501,1850556607960725826,1850556607785609466,1722,1867,150,72000000,3,2,0,0,187,363
115659787997544502,1850556607960725826,1850556607785609467,1722,1710,150,122000000,3,2,0,0,188,364
115659787997544503,1850556607960725826,1850556607785609468,1722,1391,150,120000000,3,2,0,0,189,365
115659787997544504,1850556607960725826,1850556607785609471,1722,1031,150,130000000,3,2,0,0,190,366
115659787997544505,1850556607960725826,1850556607786661829,1722,1344,150,62000000,3,2,0,0,191,367
115659787997609984,1850556607961769478,1850556607786661829,1866,1344,150,56000000,3,2,0,0,192,368
115659787997609985,1850556607961769478,1850556607786661832,1866,1399,150,100000000,3,2,0,0,193,369
115659787997609986,1850556607961769478,1850556607787704903,1866,1671,150,58000000,3,2,0,0,194,370
115659787997609987,1850556607961769478,1850556607787704905,1866,1052,150,106000000,3,2,0,0,195,371
115659787997609988,1850556607961769478,1850556607792948253,1866,1626,150,68000000,3,2,0,0,196,372
115659787997609989,1850556607961769478,1850556607794003176,1866,1142,150,14000000,3,2,0,0,197,373
115659787997609990,1850556607961769478,1850556607794003178,1866,1862,150,180000000,3,2,0,0,198,374
115659787997609991,1850556607961769478,1850556607794003180,1866,1497,150,92000000,3,2,0,0,199,375
115659787997609992,1850556607961769478,1850556607794003182,1866,1236,150,74000000,3,2,0,0,200,376
115659787997609993,1850556607961769478,1850556607796097442,1866,1143,150,12000000,3,2,0,0,201,377
115659787997609994,1850556607961769480,1850556607796097442,1608,1143,150,12000000,3,2,0,0,202,378
115659787997609995,1850556607961769480,1850556607796097443,1608,1966,150,142000000,3,2,0,0,203,379
115659787997609996,1850556607961769480,1850556607796097446,1608,1925,150,28000000,3,2,0,0,204,380
115659787997609997,1850556607961769480,1850556607796097448,1608,1776,150,8000000,3,2,0,0,205,381
115659787997609998,1850556607961769480,1850556607796097449,1608,1868,150,52000000,3,2,0,0,206,382
115659787997609999,1850556607961769480,1850556607796097452,1608,1454,150,130000000,3,2,0,0,207,383
115659787997610000,1850556607961769480,1850556607796097453,1608,1667,150,174000000,3,2,0,0,208,384
115659787997610001,1850556607961769480,1850556607797149535,1608,1649,150,154000000,3,2,0,0,209,385
115659787997610002,1850556607961769481,1850556607797149535,1788,1649,150,40000000,3,2,0,0,210,386
115659787997610003,1850556607961769481,1850556607797149537,1788,1709,150,192000000,3,2,0,0,211,387
115659787997610004,1850556607961769481,1850556607797149538,1788,1111,150,14000000,3,2,0,0,212,388
115659787997610005,1850556607961769481,1850556607797149540,1788,1679,150,112000000,3,2,0,0,213,389
115659787997610006,1850556607961769481,1850556607797149542,1788,1935,150,2000000,3,2,0,0,214,390
115659787997610007,1850556607961769481,1850556607797149544,1788,1910,150,166000000,3,2,0,0,215,391
115659787997610008,1850556607961769481,1850556607797149546,1788,1628,150,20000000,3,2,0,0,216,392
115659787997610009,1850556607961769481,1850556607797149551,1788,1873,150,14000000,3,2,0,0,217,393
115659787997610010,1850556607961769482,1850556607797149551,1031,1873,150,154000000,3,2,0,0,218,394
115659787997610011,1850556607961769482,1850556607797149552,1031,1209,150,162000000,3,2,0,0,219,395
115659787997610012,1850556607961769482,1850556607797149553,1031,1848,150,128000000,3,2,0,0,220,396
115659787997610013,1850556607961769482,1850556607797149558,1031,1480,150,26000000,3,2,0,0,221,397
115659787997610014,1850556607961769483,1850556607797149558,1889,1480,150,16000000,3,2,0,0,222,398
115659787997610015,1850556607961769483,1850556607797149559,1889,1428,150,8000000,3,2,0,0,223,399
115659787997610016,1850556607961769483,1850556607797149563,1889,1482,150,136000000,3,2,0,0,224,400
115659787997610017,1850556607961769483,1850556607797149565,1889,1552,150,148000000,3,2,0,0,225,401
115659787997610018,1850556607961769483,1850556607797149567,1889,1533,150,2000000,3,2,0,0,226,402
115659787997610019,1850556607961769484,1850556607735279635,1578,1578,150,2000000,1,2,0,0,177,403
115659787997610020,1850556607961769484,1850556607746817728,1578,1542,150,178000000,1,2,0,0,178,404
115659787997610021,1850556607961769484,1850556607785609469,1578,1982,150,28000000,1,2,0,0,179,405
115659787997610022,1850556607961769484,1850556607785609470,1578,1651,150,92000000,1,2,0,0,180,406
115659787997610023,1850556607961769486,1850556607785609470,1377,1651,150,12000000,1,2,0,0,181,407
115659787997610024,1850556607961769486,1850556607786661830,1377,1907,150,96000000,1,2,0,0,182,408
115659787997610025,1850556607961769486,1850556607786661831,1377,1419,150,116000000,1,2,0,0,183,409
115659787997610026,1850556607961769486,1850556607786661833,1377,1769,150,164000000,1,2,0,0,184,410
115659787997610027,1850556607961769486,1850556607787704904,1377,1042,150,162000000,1,2,0,0,185,411
115659787997610028,1850556607961769486,1850556607792948254,1377,1643,150,70000000,1,2,0,0,186,412
115659787997610029,1850556607961769487,1850556607797149567,1288,1533,150,168000000,3,2,0,0,227,413
115659787997610030,1850556607961769487,1850556607797149569,1288,1955,150,52000000,3,2,0,0,228,414
115659787997610031,1850556607961769488,1850556607792948254,1075,1643,150,74000000,1,2,0,0,187,415
115659787997610032,1850556607961769488,1850556607792948255,1075,1302,150,36000000,1,2,0,0,188,416
115659787997610033,1850556607961769489,1850556607792948255,1165,1302,150,120000000,1,2,0,0,189,417
115659787997610034,1850556607961769489,1850556607794003177,1165,1610,150,114000000,1,2,0,0,190,418
115659787997610035,1850556607961769489,1850556607794003179,1165,1735,150,182000000,1,2,0,0,191,419
115659787997610036,1850556607961769489,1850556607794003181,1165,1367,150,48000000,1,2,0,0,192,420
115659787997610037,1850556607961769489,1850556607796097439,1165,1207,150,96000000,1,2,0,0,193,421
115659787997610038,1850556607961769489,1850556607796097440,1165,1748,150,164000000,1,2,0,0,194,422
115659787997610039,1850556607961769489,1850556607796097441,1165,1949,150,26000000,1,2,0,0,195,423
115659787997610040,1850556607961769490,1850556607796097441,1076,1949,150,134000000,1,2,0,0,196,424
115659787997610041,1850556607961769490,1850556607796097444,1076,1386,150,40000000,1,2,0,0,197,425
115659787997610042,1850556607961769490,1850556607796097445,1076,1429,150,118000000,1,2,0,0,198,426
115659787997610043,1850556607961769490,1850556607796097447,1076,1454,150,178000000,1,2,0,0,199,427
115659787997610044,1850556607961769490,1850556607796097450,1076,1162,150,46000000,1,2,0,0,200,428
115659787997610045,1850556607961769490,1850556607796097451,1076,1247,150,6000000,1,2,0,0,201,429
115659787997610046,1850556607961769490,1850556607797149536,1076,1783,150,102000000,1,2,0,0,202,430
115659787997610047,1850556607961769490,1850556607797149539,1076,1342,150,16000000,1,2,0,0,203,431
115659787997610048,1850556607961769490,1850556607797149541,1076,1918,150,120000000,1,2,0,0,204,432
115659787997610049,1850556607961769491,1850556607797149569,1342,1955,150,72000000,3,2,0,0,229,433
115659787997610050,1850556607961769491,1850556607798197713,1342,1278,150,136000000,3,2,0,0,230,434
115659787997610051,1850556607961769491,1850556607798197715,1342,1192,150,120000000,3,2,0,0,231,435
115659787997610052,1850556607961769491,1850556607798197717,1342,1745,150,58000000,3,2,0,0,232,436
115659787997610053,1850556607961769491,1850556607798197719,1342,1573,150,100000000,3,2,0,0,233,437
115659787997610054,1850556607961769491,1850556607798197721,1342,1277,150,66000000,3,2,0,0,234,438
115659787997610055,1850556607961769491,1850556607798197724,1342,1840,150,126000000,3,2,0,0,235,439
115659787997610056,1850556607961769491,1850556607798197725,1342,1437,150,130000000,3,2,0,0,236,440
115659787997610057,1850556607961769491,1850556607798197728,1342,1673,150,12000000,3,2,0,0,237,441
115659787997610058,1850556607961769492,1850556607798197728,1998,1673,150,8000000,3,2,0,0,238,442
115659787997610059,1850556607961769492,1850556607798197729,1998,1244,150,66000000,3,2,0,0,239,443
115659787997610060,1850556607961769492,1850556607798197731,1998,1417,150,102000000,3,2,0,0,240,444
115659787997610061,1850556607961769492,1850556607798197733,1998,1191,150,46000000,3,2,0,0,241,445
115659787997610062,1850556607961769492,1850556607798197735,1998,1121,150,28000000,3,2,0,0,242,446
115659787997610063,1850556607961769493,1850556607797149541,1286,1918,150,68000000,1,2,0,0,205,447
115659787997610064,1850556607961769493,1850556607797149543,1286,1485,150,108000000,1,2,0,0,206,448
115659787997610065,1850556607961769493,1850556607797149545,1286,1164,150,176000000,1,2,0,0,207,449
115659787997610066,1850556607961769493,1850556607797149547,1286,1138,150,28000000,1,2,0,0,208,450
115659787997610067,1850556607961769494,1850556607797149547,1537,1138,150,152000000,1,2,0,0,209,451
115659787997610068,1850556607961769494,1850556607797149548,1537,1907,150,198000000,1,2,0,0,210,452
115659787997610069,1850556607961769494,1850556607797149549,1537,1759,150,10000000,1,2,0,0,211,453
115659787997610070,1850556607961769496,1850556607798197735,1649,1121,150,100000000,3,2,0,0,243,454
115659787997610071,1850556607961769496,1850556607798197736,1649,1839,150,182000000,3,2,0,0,244,455
115659787997610072,1850556607961769496,1850556607799239980,1649,1994,150,90000000,3,2,0,0,245,456
115659787997610073,1850556607961769496,1850556607799239983,1649,1904,150,8000000,3,2,0,0,246,457
115659787997610074,1850556607961769497,1850556607799239983,1963,1904,150,52000000,3,2,0,0,247,458
115659787997610075,1850556607961769497,1850556607799239986,1963,1935,150,94000000,3,2,0,0,248,459
115659787997610076,1850556607961769497,1850556607799239988,1963,1772,150,8000000,3,2,0,0,249,460
115659787997610077,1850556607961769497,1850556607799239989,1963,1495,150,78000000,3,2,0,0,250,461
115659787997610078,1850556607961769497,1850556607801343151,1963,1805,150,124000000,3,2,0,0,251,462
115659787997610079,1850556607961769497,1850556607802389409,1963,1309,150,58000000,3,2,0,0,252,463
115659787997610080,1850556607961769497,1850556607804487927,1963,1879,150,70000000,3,2,0,0,253,464
115659787997610081,1850556607961769497,1850556607804487928,1963,1584,150,146000000,3,2,0,0,254,465
115659787997610082,1850556607961769495,1850556607797149549,1229,1759,150,38000000,1,2,0,0,212,466
115659787997610083,1850556607961769495,1850556607797149550,1229,1588,150,30000000,1,2,0,0,213,467
115659787997610084,1850556607961769495,1850556607797149554,1229,1648,150,24000000,1,2,0,0,214,468
115659787997610085,1850556607961769495,1850556607797149555,1229,1606,150,68000000,1,2,0,0,215,469
115659787997610086,1850556607961769495,1850556607797149556,1229,1851,150,110000000,1,2,0,0,216,470
115659787997610087,1850556607961769498,1850556607797149556,1024,1851,150,28000000,1,2,0,0,217,471
115659787997610088,1850556607961769498,1850556607797149557,1024,1880,150,36000000,1,2,0,0,218,472
115659787997610089,1850556607961769498,1850556607797149560,1024,1603,150,170000000,1,2,0,0,219,473
115659787997610090,1850556607961769498,1850556607797149561,1024,1490,150,16000000,1,2,0,0,220,474
115659787997610091,1850556607961769499,1850556607797149561,1631,1490,150,30000000,1,2,0,0,221,475
115659787997610092,1850556607961769500,1850556607797149561,1981,1490,150,54000000,1,2,0,0,222,476
115659787997610093,1850556607961769500,1850556607797149562,1981,1405,150,182000000,1,2,0,0,223,477
115659787997610094,1850556607961769500,1850556607797149564,1981,1115,150,56000000,1,2,0,0,224,478
115659787997610095,1850556607961769500,1850556607797149566,1981,1097,150,4000000,1,2,0,0,225,479
115659787997610096,1850556607961769500,1850556607797149568,1981,1229,150,36000000,1,2,0,0,226,480
115659787997610097,1850556607961769500,1850556607797149570,1981,1718,150,142000000,1,2,0,0,227,481
115659787997610098,1850556607961769500,1850556607798197714,1981,1192,150,36000000,1,2,0,0,228,482
115659787997610099,1850556607961769500,1850556607798197716,1981,1803,150,38000000,1,2,0,0,229,483
115659787997610100,1850556607961769500,1850556607798197718,1981,1180,150,62000000,1,2,0,0,230,484
115659787997610101,1850556607961769500,1850556607798197722,1981,1163,150,6000000,1,2,0,0,231,485
115659787997610102,1850556607961769500,1850556607798197723,1981,1974,150,114000000,1,2,0,0,232,486
115659787997610103,1850556607961769500,1850556607798197726,1981,1818,150,110000000,1,2,0,0,233,487
115659787997610104,1850556607961769501,1850556607798197726,1000,1818,150,50000000,1,2,0,0,234,488
115659787997610105,1850556607961769501,1850556607798197727,1000,1672,150,88000000,1,2,0,0,235,489
115659787997610106,1850556607961769501,1850556607798197730,1000,1802,150,138000000,1,2,0,0,236,490
115659787997610107,1850556607961769501,1850556607798197732,1000,1086,150,8000000,1,2,0,0,237,491
115659787997610108,1850556607961769501,1850556607798197734,1000,1337,150,166000000,1,2,0,0,238,492
115659787997610109,1850556607961769501,1850556607798197737,1000,1389,150,6000000,1,2,0,0,239,493
115659787997610110,1850556607961769501,1850556607799239981,1000,1887,150,96000000,1,2,0,0,240,494
115659787997610111,1850556607961769501,1850556607799239982,1000,1723,150,24000000,1,2,0,0,241,495
115659787997610112,1850556607961769501,1850556607799239984,1000,1358,150,70000000,1,2,0,0,242,496
115659787997610113,1850556607961769501,1850556607799239985,1000,1233,150,106000000,1,2,0,0,243,497
115659787997610114,1850556607961769501,1850556607799239987,1000,1649,150,48000000,1,2,0,0,244,498
115659787997610115,1850556607961769502,1850556607799239987,1005,1649,150,72000000,1,2,0,0,245,499
115659787997610116,1850556607961769502,1850556607799239990,1005,1548,150,56000000,1,2,0,0,246,500
115659787997610117,1850556607961769502,1850556607799239991,1005,1350,150,108000000,1,2,0,0,247,501
115659787997610118,1850556607961769502,1850556607801343152,1005,1891,150,72000000,1,2,0,0,248,502
115659787997610119,1850556607961769502,1850556607802389410,1005,1030,150,2000000,1,2,0,0,249,503
115659787997610120,1850556607961769503,1850556607804487928,1130,1584,150,32000000,3,2,0,0,255,504
115659787997610121,1850556607961769503,1850556607804487932,1130,1532,150,42000000,3,2,0,0,256,505
115659787997610122,1850556607961769503,1850556607805530996,1130,1164,150,90000000,3,2,0,0,257,506
115659787997610123,1850556607961769503,1850556607805530999,1130,1948,150,162000000,3,2,0,0,258,507
115659787997610124,1850556607961769503,1850556607805531000,1130,1885,150,36000000,3,2,0,0,259,508
115659787997610125,1850556607961769503,1850556607805531001,1130,1114,150,86000000,3,2,0,0,260,509
115659787997610126,1850556607961769503,1850556607805531002,1130,1649,150,160000000,3,2,0,0,261,510
115659787997610127,1850556607961769503,1850556607805531003,1130,1065,150,184000000,3,2,0,0,262,511
115659787997610128,1850556607961769503,1850556607805531005,1130,1155,150,8000000,3,2,0,0,263,512
115659787997610129,1850556607961769504,1850556607802389410,1917,1030,150,72000000,1,2,0,0,250,513
115659787997610130,1850556607961769504,1850556607798197720,1917,1788,150,56000000,1,2,0,0,251,514
115659787997610131,1850556607961769504,1850556607804487929,1917,1348,150,12000000,1,2,0,0,252,515
115659787997610132,1850556607961769505,1850556607805531005,1415,1155,150,12000000,3,2,0,0,264,516
115659787997610133,1850556607961769505,1850556607805531007,1415,1064,150,174000000,3,2,0,0,265,517
115659787997610134,1850556607961769505,1850556607805531008,1415,1606,150,4000000,3,2,0,0,266,518
115659787997610135,1850556607961769505,1850556607806579592,1415,1114,150,94000000,3,2,0,0,267,519
115659787997610136,1850556607961769505,1850556607806579595,1415,1321,150,4000000,3,2,0,0,268,520
115659787997610137,1850556607961769505,1850556607806579596,1415,1937,150,56000000,3,2,0,0,269,521
115659787997610138,1850556607961769505,1850556607806579598,1415,1780,150,192000000,3,2,0,0,270,522
115659787997610139,1850556607961769505,1850556607806579603,1415,1763,150,110000000,3,2,0,0,271,523
115659787997610140,1850556607961769505,1850556607806579604,1415,1477,150,6000000,3,2,0,0,272,524
115659787997610141,1850556607961769505,1850556607807633105,1415,1955,150,112000000,3,2,0,0,273,525
115659787997610142,1850556607961769505,1850556607807633109,1415,1711,150,46000000,3,2,0,0,274,526
115659787997610143,1850556607961769506,1850556607804487929,1473,1348,150,164000000,1,2,0,0,253,527
115659787997610144,1850556607961769506,1850556607804487931,1473,1735,150,6000000,1,2,0,0,254,528
115659787997610145,1850556607961769507,1850556607804487931,1597,1735,150,42000000,1,2,0,0,255,529
115659787997610146,1850556607961769507,1850556607804487930,1597,1309,150,42000000,1,2,0,0,256,530
115659787997610147,1850556607961769507,1850556607805530997,1597,1765,150,148000000,1,2,0,0,257,531
115659787997610148,1850556607961769507,1850556607805530998,1597,1849,150,158000000,1,2,0,0,258,532
115659787997610149,1850556607961769507,1850556607805531004,1597,1550,150,90000000,1,2,0,0,259,533
115659787997610150,1850556607961769507,1850556607805531006,1597,1132,150,52000000,1,2,0,0,260,534
115659787997610151,1850556607961769507,1850556607806579588,1597,1730,150,120000000,1,2,0,0,261,535
115659787997610152,1850556607961769507,1850556607806579589,1597,1992,150,196000000,1,2,0,0,262,536
115659787997610153,1850556607961769507,1850556607806579590,1597,1598,150,2000000,1,2,0,0,263,537
115659787997610154,1850556607961769508,1850556607807633109,1324,1711,150,120000000,3,2,0,0,275,538
115659787997610155,1850556607961769508,1850556607807633110,1324,1165,150,78000000,3,2,0,0,276,539
115659787997610156,1850556607961769508,1850556607807633111,1324,1735,150,120000000,3,2,0,0,277,540
115659787997610157,1850556607961769508,1850556607807633114,1324,1142,150,182000000,3,2,0,0,278,541
115659787997610158,1850556607961769508,1850556607807633118,1324,1549,150,32000000,3,2,0,0,279,542
115659787997610159,1850556607961769508,1850556607807633119,1324,1612,150,42000000,3,2,0,0,280,543
115659787997610160,1850556607961769508,1850556607866348448,1324,1307,150,74000000,3,2,0,0,281,544
115659787997610161,1850556607961769508,1850556607866348450,1324,1622,150,178000000,3,2,0,0,282,545
115659787997610162,1850556607961769508,1850556607866348451,1324,1010,150,104000000,3,2,0,0,283,546
115659787997610163,1850556607961769510,1850556607806579590,1805,1598,150,136000000,1,2,0,0,264,547
115659787997610164,1850556607961769510,1850556607806579591,1805,1239,150,54000000,1,2,0,0,265,548
115659787997610165,1850556607961769510,1850556607806579593,1805,1272,150,150000000,1,2,0,0,266,549
115659787997610166,1850556607961769511,1850556607866348451,1097,1010,150,34000000,3,2,0,0,284,550
115659787997610167,1850556607961769511,1850556607866348453,1097,1773,150,188000000,3,2,0,0,285,551
115659787997610168,1850556607961769511,1850556607866348456,1097,1025,150,144000000,3,2,0,0,286,552
115659787997610169,1850556607961769511,1850556607867402582,1097,1684,150,110000000,3,2,0,0,287,553
115659787997610170,1850556607961769511,1850556607867402584,1097,1271,150,144000000,3,2,0,0,288,554
115659787997610171,1850556607961769512,1850556607806579593,1250,1272,150,4000000,1,2,0,0,267,555
115659787997610172,1850556607961769512,1850556607806579594,1250,1921,150,28000000,1,2,0,0,268,556
115659787997610173,1850556607961769512,1850556607806579597,1250,1130,150,92000000,1,2,0,0,269,557
115659787997610174,1850556607961769512,1850556607806579600,1250,1965,150,20000000,1,2,0,0,270,558
115659787997610175,1850556607961769512,1850556607806579599,1250,1103,150,62000000,1,2,0,0,271,559
115659787997610176,1850556607961769512,1850556607806579601,1250,1449,150,166000000,1,2,0,0,272,560
115659787997610177,1850556607961769512,1850556607806579602,1250,1052,150,8000000,1,2,0,0,273,561
115659787997610178,1850556607961769513,1850556607806579602,1593,1052,150,54000000,1,2,0,0,274,562
115659787997610179,1850556607961769513,1850556607807633104,1593,1582,150,32000000,1,2,0,0,275,563
115659787997610180,1850556607961769513,1850556607806579605,1593,1103,150,54000000,1,2,0,0,276,564
115659787997610181,1850556607961769513,1850556607807633106,1593,1203,150,50000000,1,2,0,0,277,565
115659787997675520,1850556607962821750,1850556607867402584,1863,1271,150,48000000,3,2,0,0,289,566
115659787997675521,1850556607962821750,1850556607870546375,1863,1959,150,140000000,3,2,0,0,290,567
115659787997675522,1850556607962821750,1850556607870546376,1863,1802,150,112000000,3,2,0,0,291,568
115659787997675523,1850556607962821751,1850556607870546376,1532,1802,150,48000000,3,2,0,0,292,569
115659787997675524,1850556607962821751,1850556607870546377,1532,1297,150,32000000,3,2,0,0,293,570
115659787997675525,1850556607962821751,1850556607870546378,1532,1760,150,26000000,3,2,0,0,294,571
115659787997675526,1850556607962821751,1850556607871591023,1532,1170,150,78000000,3,2,0,0,295,572
115659787997675527,1850556607962821751,1850556607871591026,1532,1568,150,192000000,3,2,0,0,296,573
115659787997675528,1850556607962821751,1850556607871591027,1532,1764,150,198000000,3,2,0,0,297,574
115659787997675529,1850556607962821751,1850556607873688458,1532,1999,150,36000000,3,2,0,0,298,575
115659787997675530,1850556607962821751,1850556607873688461,1532,1073,150,52000000,3,2,0,0,299,576
115659787997675531,1850556607962821751,1850556607874737473,1532,1708,150,70000000,3,2,0,0,300,577
115659787997675532,1850556607962821751,1850556607874737474,1532,1817,150,176000000,3,2,0,0,301,578
115659787997675533,1850556607962821751,1850556607874737476,1532,1916,150,2000000,3,2,0,0,302,579
115659787997675534,1850556607962821752,1850556607807633106,1332,1203,150,42000000,1,2,0,0,278,580
115659787997675535,1850556607962821752,1850556607807633107,1332,1784,150,38000000,1,2,0,0,279,581
115659787997675536,1850556607962821752,1850556607807633108,1332,1222,150,14000000,1,2,0,0,280,582
115659787997675537,1850556607962821752,1850556607807633112,1332,1471,150,22000000,1,2,0,0,281,583
115659787997675538,1850556607962821752,1850556607807633113,1332,1753,150,68000000,1,2,0,0,282,584
115659787997675539,1850556607962821752,1850556607807633115,1332,1288,150,66000000,1,2,0,0,283,585
115659787997675540,1850556607962821752,1850556607807633116,1332,1643,150,36000000,1,2,0,0,284,586
115659787997675541,1850556607962821752,1850556607807633117,1332,1026,150,178000000,1,2,0,0,285,587
115659787997675542,1850556607962821752,1850556607863209285,1332,1726,150,6000000,1,2,0,0,286,588
115659787997675543,1850556607962821752,1850556607865302196,1332,1945,150,40000000,1,2,0,0,287,589
115659787997675544,1850556607962821752,1850556607865302197,1332,1999,150,172000000,1,2,0,0,288,590
115659787997675545,1850556607962821752,1850556607866348449,1332,1869,150,30000000,1,2,0,0,289,591
115659787997675546,1850556607962821752,1850556607866348452,1332,1937,150,8000000,1,2,0,0,290,592
115659787997675547,1850556607962821754,1850556607874737476,1344,1916,150,24000000,3,2,0,0,303,593
115659787997675548,1850556607962821754,1850556607874737477,1344,1179,150,52000000,3,2,0,0,304,594
115659787997675549,1850556607962821754,1850556607874737479,1344,1369,150,134000000,3,2,0,0,305,595
115659787997675550,1850556607962821754,1850556607875785029,1344,1925,150,58000000,3,2,0,0,306,596
115659787997675551,1850556607962821754,1850556607875785030,1344,1757,150,158000000,3,2,0,0,307,597
115659787997675552,1850556607962821754,1850556607875785032,1344,1986,150,124000000,3,2,0,0,308,598
115659787997675553,1850556607962821754,1850556607876835205,1344,1451,150,24000000,3,2,0,0,309,599
115659787997675554,1850556607962821754,1850556607876835207,1344,1499,150,4000000,3,2,0,0,310,600
115659787997675555,1850556607962821754,1850556607876835209,1344,1627,150,32000000,3,2,0,0,311,601
115659787997675556,1850556607962821756,1850556607866348452,1767,1937,150,6000000,1,2,0,0,291,602
115659787997675557,1850556607962821756,1850556607866348454,1767,1716,150,60000000,1,2,0,0,292,603
115659787997675558,1850556607962821756,1850556607866348455,1767,1868,150,104000000,1,2,0,0,293,604
115659787997675559,1850556607962821756,1850556607867402581,1767,1720,150,68000000,1,2,0,0,294,605
115659787997675560,1850556607962821756,1850556607867402583,1767,1189,150,178000000,1,2,0,0,295,606
115659787997675561,1850556607962821756,1850556607867402585,1767,1887,150,124000000,1,2,0,0,296,607
115659787997675562,1850556607962821756,1850556607868445603,1767,1956,150,170000000,1,2,0,0,297,608
115659787997675563,1850556607962821756,1850556607870546373,1767,1201,150,30000000,1,2,0,0,298,609
115659787997675564,1850556607962821757,1850556607870546373,1099,1201,150,142000000,1,2,0,0,299,610
115659787997675565,1850556607962821757,1850556607870546374,1099,1008,150,54000000,1,2,0,0,300,611
115659787997675566,1850556607962821757,1850556607871591022,1099,1345,150,40000000,1,2,0,0,301,612
115659787997675567,1850556607962821757,1850556607871591024,1099,1321,150,34000000,1,2,0,0,302,613
115659787997675568,1850556607962821757,1850556607871591025,1099,1224,150,44000000,1,2,0,0,303,614
115659787997675569,1850556607962821757,1850556607873688459,1099,1615,150,140000000,1,2,0,0,304,615
115659787997675570,1850556607962821757,1850556607873688460,1099,1942,150,188000000,1,2,0,0,305,616
115659787997675571,1850556607962821757,1850556607874737468,1099,1286,150,38000000,1,2,0,0,306,617
115659787997675572,1850556607962821757,1850556607874737469,1099,1149,150,38000000,1,2,0,0,307,618
115659787997675573,1850556607962821757,1850556607874737470,1099,1873,150,20000000,1,2,0,0,308,619
115659787997675574,1850556607962821757,1850556607874737471,1099,1738,150,44000000,1,2,0,0,309,620
115659787997675575,1850556607962821757,1850556607874737472,1099,1845,150,128000000,1,2,0,0,310,621
115659787997675576,1850556607962821757,1850556607874737475,1099,1899,150,14000000,1,2,0,0,311,622
115659787997675577,1850556607962821757,1850556607874737478,1099,1545,150,26000000,1,2,0,0,312,623
115659787997675578,1850556607962821758,1850556607876835209,1209,1627,150,152000000,3,2,0,0,312,624
115659787997675579,1850556607962821758,1850556607876835210,1209,1960,150,182000000,3,2,0,0,313,625
115659787997675580,1850556607962821758,1850556607876835211,1209,1066,150,50000000,3,2,0,0,314,626
115659787997675581,1850556607962821758,1850556607876835212,1209,1496,150,86000000,3,2,0,0,315,627
115659787997675582,1850556607962821758,1850556607876835214,1209,1272,150,70000000,3,2,0,0,316,628
115659787997675583,1850556607962821759,1850556607876835214,1980,1272,150,100000000,3,2,0,0,317,629
115659787997675584,1850556607962821759,1850556607876835215,1980,1867,150,38000000,3,2,0,0,318,630
115659787997675585,1850556607962821759,1850556607877887008,1980,1694,150,110000000,3,2,0,0,319,631
115659787997675586,1850556607962821759,1850556607877887009,1980,1281,150,50000000,3,2,0,0,320,632
115659787997675587,1850556607962821759,1850556607877887010,1980,1799,150,132000000,3,2,0,0,321,633
115659787997675588,1850556607962821760,1850556607877887010,1742,1799,150,44000000,3,2,0,0,322,634
115659787997675589,1850556607962821760,1850556607877887011,1742,1525,150,46000000,3,2,0,0,323,635
115659787997675590,1850556607962821761,1850556607877887011,1416,1525,150,80000000,3,2,0,0,324,636
115659787997675591,1850556607962821761,1850556607877887014,1416,1792,150,74000000,3,2,0,0,325,637
115659787997675592,1850556607962821761,1850556607877887015,1416,1661,150,144000000,3,2,0,0,326,638
115659787997675593,1850556607962821761,1850556607878936730,1416,1791,150,148000000,3,2,0,0,327,639
115659787997675594,1850556607962821761,1850556607888370559,1416,1498,150,74000000,3,2,0,0,328,640
115659787997675595,1850556607962821761,1850556607888370561,1416,1892,150,118000000,3,2,0,0,329,641
115659787997675596,1850556607962821761,1850556607888370565,1416,1879,150,162000000,3,2,0,0,330,642
115659787997675597,1850556607962821761,1850556607889417056,1416,1800,150,114000000,3,2,0,0,331,643
115659787997675598,1850556607962821761,1850556607889417061,1416,1086,150,26000000,3,2,0,0,332,644
115659787997675599,1850556607962821762,1850556607874737478,1461,1545,150,108000000,1,2,0,0,313,645
115659787997675600,1850556607962821762,1850556607875785031,1461,1333,150,22000000,1,2,0,0,314,646
115659787997675601,1850556607962821762,1850556607876835206,1461,1224,150,72000000,1,2,0,0,315,647
115659787997675602,1850556607962821762,1850556607876835208,1461,1074,150,88000000,1,2,0,0,316,648
115659787997675603,1850556607962821762,1850556607876835213,1461,1734,150,140000000,1,2,0,0,317,649
115659787997675604,1850556607962821762,1850556607876835216,1461,1368,150,20000000,1,2,0,0,318,650
115659787997675605,1850556607962821763,1850556607876835216,1673,1368,150,14000000,1,2,0,0,319,651
115659787997675606,1850556607962821763,1850556607876835217,1673,1845,150,44000000,1,2,0,0,320,652
115659787997675607,1850556607962821763,1850556607876835218,1673,1062,150,46000000,1,2,0,0,321,653
115659787997675608,1850556607962821763,1850556607877887012,1673,1031,150,124000000,1,2,0,0,322,654
115659787997675609,1850556607962821763,1850556607877887013,1673,1284,150,22000000,1,2,0,0,323,655
115659787997675610,1850556607962821763,1850556607887321915,1673,1717,150,192000000,1,2,0,0,324,656
115659787997675611,1850556607962821763,1850556607888370560,1673,1168,150,116000000,1,2,0,0,325,657
115659787997675612,1850556607962821763,1850556607888370562,1673,1192,150,38000000,1,2,0,0,326,658
115659787997675613,1850556607962821763,1850556607888370563,1673,1233,150,108000000,1,2,0,0,327,659
115659787997675614,1850556607962821763,1850556607888370564,1673,1345,150,186000000,1,2,0,0,328,660
115659787997675615,1850556607962821764,1850556607889417061,1368,1086,150,92000000,3,2,0,0,333,661
115659787997675616,1850556607962821764,1850556607889417062,1368,1575,150,56000000,3,2,0,0,334,662
115659787997675617,1850556607962821764,1850556607889417064,1368,1307,150,8000000,3,2,0,0,335,663
115659787997675618,1850556607962821764,1850556607889417065,1368,1561,150,104000000,3,2,0,0,336,664
115659787997675619,1850556607962821764,1850556607889417068,1368,1943,150,36000000,3,2,0,0,337,665
115659787997675620,1850556607962821764,1850556607889417071,1368,1241,150,104000000,3,2,0,0,338,666
115659787997675621,1850556607962821764,1850556607890472120,1368,1827,150,26000000,3,2,0,0,339,667
115659787997675622,1850556607962821764,1850556607890472123,1368,1998,150,64000000,3,2,0,0,340,668
115659787997675623,1850556607962821764,1850556607890472124,1368,1288,150,166000000,3,2,0,0,341,669
115659787997675624,1850556607962821764,1850556607890472125,1368,1328,150,18000000,3,2,0,0,342,670
115659787997675625,1850556607962821764,1850556607890472126,1368,1826,150,94000000,3,2,0,0,343,671
115659787997675626,1850556607962821764,1850556607890472128,1368,1413,150,62000000,3,2,0,0,344,672
115659787997675627,1850556607962821765,1850556607888370564,1080,1345,150,10000000,1,2,0,0,329,673
115659787997675628,1850556607962821765,1850556607889417054,1080,1142,150,116000000,1,2,0,0,330,674
115659787997675629,1850556607962821765,1850556607889417055,1080,1826,150,62000000,1,2,0,0,331,675
115659787997675630,1850556607962821765,1850556607889417057,1080,1834,150,166000000,1,2,0,0,332,676
115659787997675631,1850556607962821765,1850556607889417058,1080,1289,150,38000000,1,2,0,0,333,677
115659787997675632,1850556607962821765,1850556607889417059,1080,1804,150,80000000,1,2,0,0,334,678
115659787997675633,1850556607962821765,1850556607889417060,1080,1607,150,48000000,1,2,0,0,335,679
115659787997675634,1850556607962821765,1850556607889417063,1080,1218,150,130000000,1,2,0,0,336,680
115659787997675635,1850556607962821765,1850556607889417066,1080,1478,150,110000000,1,2,0,0,337,681
115659787997675636,1850556607962821765,1850556607889417067,1080,1630,150,58000000,1,2,0,0,338,682
115659787997675637,1850556607962821765,1850556607889417069,1080,1933,150,62000000,1,2,0,0,339,683
115659787997675638,1850556607962821766,1850556607889417069,1959,1933,150,132000000,1,2,0,0,340,684
115659787997675639,1850556607962821766,1850556607889417070,1959,1588,150,46000000,1,2,0,0,341,685
115659787997675640,1850556607962821766,1850556607890472121,1959,1312,150,132000000,1,2,0,0,342,686
115659787997675641,1850556607962821766,1850556607890472122,1959,1143,150,12000000,1,2,0,0,343,687
115659787997675642,1850556607962821766,1850556607890472127,1959,1893,150,16000000,1,2,0,0,344,688
115659787997675643,1850556607962821766,1850556607890472130,1959,1193,150,150000000,1,2,0,0,345,689
115659787997675644,1850556607962821766,1850556607890472131,1959,1188,150,14000000,1,2,0,0,346,690
115659787997675645,1850556607962821766,1850556607890472133,1959,1134,150,92000000,1,2,0,0,347,691
115659787997675646,1850556607962821766,1850556607890472136,1959,1551,150,26000000,1,2,0,0,348,692
115659787997675647,1850556607962821767,1850556607890472128,1382,1413,150,34000000,3,2,0,0,345,693
115659787997675648,1850556607962821767,1850556607890472129,1382,1625,150,100000000,3,2,0,0,346,694
115659787997675649,1850556607962821767,1850556607890472132,1382,1064,150,8000000,3,2,0,0,347,695
115659787997675650,1850556607962821767,1850556607890472134,1382,1935,150,48000000,3,2,0,0,348,696
115659787997675651,1850556607962821767,1850556607890472135,1382,1857,150,198000000,3,2,0,0,349,697
115659787997675652,1850556607962821767,1850556607891514474,1382,1282,150,54000000,3,2,0,0,350,698
115659787997675653,1850556607962821767,1850556607891514475,1382,1314,150,42000000,3,2,0,0,351,699
115659787997675654,1850556607962821767,1850556607891514478,1382,1371,150,126000000,3,2,0,0,352,700
115659787997675655,1850556607962821767,1850556607891514479,1382,1926,150,52000000,3,2,0,0,353,701
115659787997675656,1850556607962821767,1850556607891514480,1382,1166,150,126000000,3,2,0,0,354,702
115659787997675657,1850556607962821767,1850556607891514481,1382,1929,150,142000000,3,2,0,0,355,703
115659787997675658,1850556607962821767,1850556607891514482,1382,1515,150,20000000,3,2,0,0,356,704
115659787997675659,1850556607962821769,1850556607891514482,1678,1515,150,136000000,3,2,0,0,357,705
115659787997675660,1850556607962821769,1850556607891514483,1678,1795,150,16000000,3,2,0,0,358,706
115659787997675661,1850556607962821769,1850556607891514487,1678,1768,150,74000000,3,2,0,0,359,707
115659787997675662,1850556607962821769,1850556607891514488,1678,1790,150,84000000,3,2,0,0,360,708
115659787997675663,1850556607962821769,1850556607891514490,1678,1669,150,160000000,3,2,0,0,361,709
115659787997675664,1850556607962821769,1850556607891514491,1678,1153,150,68000000,3,2,0,0,362,710
115659787997675665,1850556607962821769,1850556607891514492,1678,1241,150,104000000,3,2,0,0,363,711
115659787997675666,1850556607962821769,1850556607891514493,1678,1514,150,24000000,3,2,0,0,364,712
115659787997675667,1850556607962821769,1850556607891514494,1678,1478,150,108000000,3,2,0,0,365,713
115659787997675668,1850556607962821769,1850556607891514495,1678,1524,150,152000000,3,2,0,0,366,714
115659787997675669,1850556607962821769,1850556607892568860,1678,1989,150,14000000,3,2,0,0,367,715
115659787997675670,1850556607962821770,1850556607890472136,1070,1551,150,32000000,1,2,0,0,349,716
115659787997675671,1850556607962821770,1850556607891514472,1070,1339,150,86000000,1,2,0,0,350,717
115659787997675672,1850556607962821770,1850556607891514473,1070,1777,150,48000000,1,2,0,0,351,718
115659787997675673,1850556607962821770,1850556607891514476,1070,1565,150,124000000,1,2,0,0,352,719
115659787997675674,1850556607962821770,1850556607891514477,1070,1770,150,70000000,1,2,0,0,353,720
115659787997675675,1850556607962821770,1850556607891514484,1070,1582,150,50000000,1,2,0,0,354,721
115659787997675676,1850556607962821771,1850556607891514484,1091,1582,150,32000000,1,2,0,0,355,722
115659787997675677,1850556607962821771,1850556607891514485,1091,1593,150,108000000,1,2,0,0,356,723
115659787997675678,1850556607962821771,1850556607891514486,1091,1003,150,64000000,1,2,0,0,357,724
115659787997675679,1850556607962821771,1850556607891514489,1091,1621,150,12000000,1,2,0,0,358,725
115659787997675680,1850556607962821771,1850556607892568859,1091,1584,150,8000000,1,2,0,0,359,726
115659787997675681,1850556607962821771,1850556607892568861,1091,1404,150,28000000,1,2,0,0,360,727
115659787997675682,1850556607962821771,1850556607892568862,1091,1723,150,84000000,1,2,0,0,361,728
115659787997675683,1850556607962821771,1850556607892568863,1091,1573,150,150000000,1,2,0,0,362,729
115659787997675684,1850556607962821771,1850556607892568864,1091,1317,150,144000000,1,2,0,0,363,730
115659787997675685,1850556607962821772,1850556607892568864,1758,1317,150,38000000,1,2,0,0,364,731
115659787997675686,1850556607962821772,1850556607892568866,1758,1800,150,162000000,1,2,0,0,365,732
115659787997675687,1850556607962821772,1850556607892568867,1758,1590,150,30000000,1,2,0,0,366,733
115659787997675688,1850556607962821772,1850556607892568868,1758,1360,150,52000000,1,2,0,0,367,734
115659787997675689,1850556607962821772,1850556607892568869,1758,1469,150,154000000,1,2,0,0,368,735
115659787997675690,1850556607962821772,1850556607892568871,1758,1120,150,70000000,1,2,0,0,369,736
115659787997675691,1850556607962821772,1850556607892568874,1758,1630,150,64000000,1,2,0,0,370,737
115659787997675692,1850556607962821772,1850556607892568875,1758,1814,150,74000000,1,2,0,0,371,738
115659787997675693,1850556607962821772,1850556607892568876,1758,1638,150,72000000,1,2,0,0,372,739
115659787997675694,1850556607962821772,1850556607892568878,1758,1415,150,42000000,1,2,0,0,373,740
115659787997675695,1850556607962821772,1850556607892568882,1758,1540,150,14000000,1,2,0,0,374,741
115659787997675696,1850556607962821772,1850556607892568883,1758,1089,150,128000000,1,2,0,0,375,742
115659787997675697,1850556607962821774,1850556607892568860,1797,1989,150,94000000,3,2,0,0,368,743
115659787997675698,1850556607962821774,1850556607892568865,1797,1057,150,44000000,3,2,0,0,369,744
115659787997675699,1850556607962821774,1850556607892568870,1797,1868,150,34000000,3,2,0,0,370,745
115659787997675700,1850556607962821774,1850556607892568872,1797,1025,150,188000000,3,2,0,0,371,746
115659787997675701,1850556607962821774,1850556607892568873,1797,1033,150,134000000,3,2,0,0,372,747
115659787997675702,1850556607962821774,1850556607892568877,1797,1663,150,84000000,3,2,0,0,373,748
115659787997675703,1850556607962821774,1850556607892568879,1797,1945,150,72000000,3,2,0,0,374,749
115659787997675704,1850556607962821775,1850556607892568879,1885,1945,150,42000000,3,2,0,0,375,750
115659787997675705,1850556607962821775,1850556607892568880,1885,1273,150,128000000,3,2,0,0,376,751
115659787997675706,1850556607962821775,1850556607892568881,1885,1104,150,60000000,3,2,0,0,377,752
115659787997675707,1850556607962821775,1850556607892568884,1885,1441,150,38000000,3,2,0,0,378,753
115659787997675708,1850556607962821775,1850556607893615841,1885,1217,150,102000000,3,2,0,0,379,754
115659787997675709,1850556607962821775,1850556607893615842,1885,1998,150,90000000,3,2,0,0,380,755
115659787997675710,1850556607962821775,1850556607893615845,1885,1875,150,70000000,3,2,0,0,381,756
115659787997675711,1850556607962821776,1850556607893615845,1003,1875,150,86000000,3,2,0,0,382,757
115659787997675712,1850556607962821776,1850556607893615846,1003,1293,150,190000000,3,2,0,0,383,758
115659787997675713,1850556607962821776,1850556607893615847,1003,1486,150,124000000,3,2,0,0,384,759
115659787997675714,1850556607962821776,1850556607893615848,1003,1853,150,18000000,3,2,0,0,385,760
115659787997675715,1850556607962821776,1850556607893615852,1003,1704,150,144000000,3,2,0,0,386,761
115659787997675716,1850556607962821776,1850556607893615855,1003,1033,150,194000000,3,2,0,0,387,762
115659787997675717,1850556607962821776,1850556607893615856,1003,1578,150,46000000,3,2,0,0,388,763
115659787997675718,1850556607962821776,1850556607893615858,1003,1780,150,14000000,3,2,0,0,389,764
115659787997675719,1850556607962821776,1850556607893615860,1003,1892,150,44000000,3,2,0,0,390,765
115659787997675720,1850556607962821777,1850556607892568883,1920,1089,150,14000000,1,2,0,0,376,766
115659787997675721,1850556607962821777,1850556607893615834,1920,1505,150,14000000,1,2,0,0,377,767
115659787997675722,1850556607962821777,1850556607893615835,1920,1475,150,62000000,1,2,0,0,378,768
115659787997675723,1850556607962821779,1850556607893615860,1756,1892,150,92000000,3,2,0,0,391,769
115659787997675724,1850556607962821779,1850556607893615861,1756,1018,150,82000000,3,2,0,0,392,770
115659787997675725,1850556607962821779,1850556607893615862,1756,1378,150,190000000,3,2,0,0,393,771
115659787997675726,1850556607962821779,1850556607894660197,1756,1071,150,14000000,3,2,0,0,394,772
115659787997675727,1850556607962821779,1850556607894660198,1756,1013,150,90000000,3,2,0,0,395,773
115659787997675728,1850556607962821779,1850556607894660205,1756,1266,150,78000000,3,2,0,0,396,774
115659787997675729,1850556607962821779,1850556607894660206,1756,1529,150,14000000,3,2,0,0,397,775
115659787997675730,1850556607962821780,1850556607894660206,1559,1529,150,174000000,3,2,0,0,398,776
115659787997675731,1850556607962821780,1850556607894660208,1559,1649,150,110000000,3,2,0,0,399,777
115659787997675732,1850556607962821780,1850556607895714336,1559,1078,150,22000000,3,2,0,0,400,778
115659787997675733,1850556607962821780,1850556607895714337,1559,1119,150,102000000,3,2,0,0,401,779
115659787997675734,1850556607962821780,1850556607895714338,1559,1421,150,16000000,3,2,0,0,402,780
115659787997675735,1850556607962821780,1850556607896760621,1559,1579,150,86000000,3,2,0,0,403,781
115659787997675736,1850556607962821780,1850556607896760622,1559,1266,150,120000000,3,2,0,0,404,782
115659787997675737,1850556607962821780,1850556607896760623,1559,1016,150,100000000,3,2,0,0,405,783
115659787997675738,1850556607962821778,1850556607893615835,1785,1475,150,60000000,1,2,0,0,379,784
115659787997675739,1850556607962821781,1850556607896760623,1207,1016,150,20000000,3,2,0,0,406,785
115659787997675740,1850556607962821781,1850556607896760625,1207,1594,150,88000000,3,2,0,0,407,786
115659787997675741,1850556607962821781,1850556607896760628,1207,1341,150,144000000,3,2,0,0,408,787
115659787997675742,1850556607962821781,1850556607896760631,1207,1151,150,96000000,3,2,0,0,409,788
115659787997675743,1850556607962821781,1850556607896760635,1207,1690,150,14000000,3,2,0,0,410,789
115659787997675744,1850556607962821781,1850556607896760633,1207,1204,150,138000000,3,2,0,0,411,790
115659787997675745,1850556607962821781,1850556607897811546,1207,1605,150,8000000,3,2,0,0,412,791
115659787997675746,1850556607962821781,1850556607897811548,1207,1303,150,158000000,3,2,0,0,413,792
115659787997675747,1850556607962821781,1850556607897811547,1207,1070,150,74000000,3,2,0,0,414,793
115659787997675748,1850556607962821782,1850556607897811547,1205,1070,150,108000000,3,2,0,0,415,794
115659787997675749,1850556607962821782,1850556607897811551,1205,1206,150,124000000,3,2,0,0,416,795
115659787997675750,1850556607962821782,1850556607897811552,1205,1347,150,52000000,3,2,0,0,417,796
115659787997675751,1850556607962821782,1850556607897811553,1205,1252,150,48000000,3,2,0,0,418,797
115659787997675752,1850556607962821782,1850556607897811554,1205,1085,150,50000000,3,2,0,0,419,798
115659787997675753,1850556607962821782,1850556607897811555,1205,1682,150,140000000,3,2,0,0,420,799
115659787997675754,1850556607962821782,1850556607897811556,1205,1571,150,98000000,3,2,0,0,421,800
115659787997675755,1850556607962821783,1850556607893615835,1757,1475,150,16000000,1,2,0,0,380,801
115659787997675756,1850556607962821783,1850556607893615836,1757,1993,150,4000000,1,2,0,0,381,802
115659787997675757,1850556607962821783,1850556607893615837,1757,1971,150,24000000,1,2,0,0,382,803
115659787997675758,1850556607962821783,1850556607893615838,1757,1600,150,60000000,1,2,0,0,383,804
115659787997675759,1850556607962821783,1850556607893615839,1757,1487,150,184000000,1,2,0,0,384,805
115659787997675760,1850556607962821783,1850556607893615840,1757,1600,150,122000000,1,2,0,0,385,806
115659787997675761,1850556607962821783,1850556607893615843,1757,1552,150,110000000,1,2,0,0,386,807
115659787997675762,1850556607962821784,1850556607893615843,1622,1552,150,72000000,1,2,0,0,387,808
115659787997675763,1850556607962821784,1850556607893615844,1622,1855,150,154000000,1,2,0,0,388,809
115659787997675764,1850556607962821784,1850556607893615849,1622,1917,150,54000000,1,2,0,0,389,810
115659787997675765,1850556607962821785,1850556607893615849,1738,1917,150,60000000,1,2,0,0,390,811
115659787997675766,1850556607962821788,1850556607897811556,1414,1571,150,52000000,3,2,0,0,422,812
115659787997675767,1850556607962821788,1850556607897811558,1414,1101,150,122000000,3,2,0,0,423,813
115659787997675768,1850556607962821788,1850556607897811560,1414,1483,150,188000000,3,2,0,0,424,814
115659787997675769,1850556607962821788,1850556607897811565,1414,1543,150,50000000,3,2,0,0,425,815
115659787997675770,1850556607962821788,1850556607897811563,1414,1738,150,56000000,3,2,0,0,426,816
115659787997675771,1850556607962821788,1850556607897811568,1414,1298,150,14000000,3,2,0,0,427,817
115659787997675772,1850556607962821788,1850556607897811569,1414,1318,150,36000000,3,2,0,0,428,818
115659787997675773,1850556607962821788,1850556607897811570,1414,1724,150,60000000,3,2,0,0,429,819
115659787997675774,1850556607962821788,1850556607898861405,1414,1080,150,40000000,3,2,0,0,430,820
115659787997675775,1850556607962821788,1850556607898861409,1414,1661,150,148000000,3,2,0,0,431,821
115659787997675776,1850556607962821788,1850556607898861410,1414,1475,150,98000000,3,2,0,0,432,822
115659787997675777,1850556607962821788,1850556607898861411,1414,1511,150,106000000,3,2,0,0,433,823
115659787997675778,1850556607962821789,1850556607898861413,1055,1688,150,186000000,3,2,0,0,434,824
115659787997675779,1850556607962821789,1850556607898861416,1055,1788,150,144000000,3,2,0,0,435,825
115659787997675780,1850556607962821789,1850556607898861417,1055,1327,150,10000000,3,2,0,0,436,826
115659787997675781,1850556607962821789,1850556607898861418,1055,1097,150,100000000,3,2,0,0,437,827
115659787997675782,1850556607962821789,1850556607898861421,1055,1047,150,130000000,3,2,0,0,438,828
115659787997675783,1850556607962821790,1850556607898861421,1130,1047,150,10000000,3,2,0,0,439,829
115659787997675784,1850556607962821790,1850556607898861420,1130,1276,150,100000000,3,2,0,0,440,830
115659787997675785,1850556607962821790,1850556607899903534,1130,1362,150,182000000,3,2,0,0,441,831
115659787997675786,1850556607962821790,1850556607899903536,1130,1191,150,86000000,3,2,0,0,442,832
115659787997675787,1850556607962821790,1850556607899903537,1130,1725,150,160000000,3,2,0,0,443,833
115659787997675788,1850556607962821790,1850556607899903540,1130,1793,150,178000000,3,2,0,0,444,834
115659787997675789,1850556607962821790,1850556607899903542,1130,1926,150,38000000,3,2,0,0,445,835
115659787997675790,1850556607962821790,1850556607899903544,1130,1098,150,106000000,3,2,0,0,446,836
115659787997675791,1850556607962821790,1850556607899903546,1130,1618,150,100000000,3,2,0,0,447,837
115659787997675792,1850556607962821791,1850556607899903546,1373,1618,150,88000000,3,2,0,0,448,838
115659787997675793,1850556607962821791,1850556607899903545,1373,1862,150,26000000,3,2,0,0,449,839
115659787997675794,1850556607962821791,1850556607899903547,1373,1612,150,46000000,3,2,0,0,450,840
115659787997675795,1850556607962821791,1850556607899903549,1373,1666,150,132000000,3,2,0,0,451,841
115659787997675796,1850556607962821791,1850556607899903552,1373,1765,150,108000000,3,2,0,0,452,842
115659787997675797,1850556607962821794,1850556607893615849,1875,1917,150,84000000,1,2,0,0,391,843
115659787997675798,1850556607962821794,1850556607893615850,1875,1383,150,24000000,1,2,0,0,392,844
115659787997675799,1850556607962821794,1850556607893615851,1875,1377,150,120000000,1,2,0,0,393,845
115659787997675800,1850556607962821794,1850556607893615853,1875,1264,150,166000000,1,2,0,0,394,846
115659787997675801,1850556607962821794,1850556607893615854,1875,1563,150,22000000,1,2,0,0,395,847
115659787997675802,1850556607962821794,1850556607893615857,1875,1248,150,36000000,1,2,0,0,396,848
115659787997675803,1850556607962821794,1850556607893615859,1875,1199,150,120000000,1,2,0,0,397,849
115659787997675804,1850556607962821794,1850556607893615863,1875,1155,150,28000000,1,2,0,0,398,850
115659787997675805,1850556607962821794,1850556607894660199,1875,1637,150,12000000,1,2,0,0,399,851
115659787997675806,1850556607962821794,1850556607894660200,1875,1536,150,170000000,1,2,0,0,400,852
115659787997675807,1850556607962821794,1850556607894660201,1875,1365,150,38000000,1,2,0,0,401,853
115659787997675808,1850556607962821795,1850556607894660201,1063,1365,150,68000000,1,2,0,0,402,854
115659787997675809,1850556607962821795,1850556607894660202,1063,1751,150,70000000,1,2,0,0,403,855
115659787997675810,1850556607962821795,1850556607894660203,1063,1170,150,52000000,1,2,0,0,404,856
115659787997741056,1850556607963872504,1850556607899903552,1615,1765,150,64000000,3,2,0,0,453,857
115659787997741057,1850556607963872504,1850556607899903553,1615,1459,150,98000000,3,2,0,0,454,858
115659787997741058,1850556607963872504,1850556607899903554,1615,1445,150,104000000,3,2,0,0,455,859
115659787997741059,1850556607963872504,1850556607899903556,1615,1683,150,176000000,3,2,0,0,456,860
115659787997741060,1850556607963872504,1850556607899903558,1615,1372,150,18000000,3,2,0,0,457,861
115659787997741061,1850556607963872505,1850556607894660203,1355,1170,150,50000000,1,2,0,0,405,862
115659787997741062,1850556607963872507,1850556607899903558,1687,1372,150,48000000,3,2,0,0,458,863
115659787997741063,1850556607963872507,1850556607899903559,1687,1409,150,176000000,3,2,0,0,459,864
115659787997741064,1850556607963872507,1850556607899903560,1687,1211,150,138000000,3,2,0,0,460,865
115659787997741065,1850556607963872507,1850556607899903561,1687,1415,150,4000000,3,2,0,0,461,866
115659787997741066,1850556607963872507,1850556607899903563,1687,1819,150,154000000,3,2,0,0,462,867
115659787997741067,1850556607963872507,1850556607899903564,1687,1654,150,174000000,3,2,0,0,463,868
115659787997741068,1850556607963872507,1850556607899903566,1687,1161,150,26000000,3,2,0,0,464,869
115659787997741069,1850556607963872509,1850556607894660203,1649,1170,150,28000000,1,2,0,0,406,870
115659787997741070,1850556607963872509,1850556607894660204,1649,1619,150,60000000,1,2,0,0,407,871
115659787997741071,1850556607963872509,1850556607894660207,1649,1701,150,122000000,1,2,0,0,408,872
115659787997741072,1850556607963872509,1850556607894660209,1649,1574,150,22000000,1,2,0,0,409,873
115659787997741073,1850556607963872509,1850556607894660210,1649,1578,150,14000000,1,2,0,0,410,874
115659787997741074,1850556607963872509,1850556607895714339,1649,1679,150,42000000,1,2,0,0,411,875
115659787997741075,1850556607963872509,1850556607895714340,1649,1469,150,96000000,1,2,0,0,412,876
115659787997741076,1850556607963872509,1850556607895714341,1649,1554,150,198000000,1,2,0,0,413,877
115659787997741077,1850556607963872509,1850556607895714342,1649,1540,150,148000000,1,2,0,0,414,878
115659787997741078,1850556607963872511,1850556607895714342,1526,1540,150,2000000,1,2,0,0,415,879
115659787997741079,1850556607963872511,1850556607896760624,1526,1398,150,38000000,1,2,0,0,416,880
115659787997741080,1850556607963872511,1850556607896760626,1526,1295,150,18000000,1,2,0,0,417,881
115659787997741081,1850556607963872511,1850556607896760627,1526,1318,150,60000000,1,2,0,0,418,882
115659787997741082,1850556607963872511,1850556607896760629,1526,1648,150,6000000,1,2,0,0,419,883
115659787997741083,1850556607963872511,1850556607896760630,1526,1879,150,62000000,1,2,0,0,420,884
115659787997741084,1850556607963872511,1850556607896760632,1526,1172,150,118000000,1,2,0,0,421,885
115659787997741085,1850556607963872511,1850556607896760634,1526,1971,150,46000000,1,2,0,0,422,886
115659787997741086,1850556607963872511,1850556607897811543,1526,1778,150,84000000,1,2,0,0,423,887
115659787997741087,1850556607963872511,1850556607897811544,1526,1291,150,44000000,1,2,0,0,424,888
115659787997741088,1850556607963872511,1850556607897811545,1526,1846,150,16000000,1,2,0,0,425,889
115659787997741089,1850556607963872511,1850556607897811549,1526,1877,150,46000000,1,2,0,0,426,890
115659787997741090,1850556607963872512,1850556607899903566,1392,1161,150,76000000,3,2,0,0,465,891
115659787997741091,1850556607963872512,1850556607900957501,1392,1157,150,96000000,3,2,0,0,466,892
115659787997741092,1850556607963872512,1850556607900957502,1392,1901,150,130000000,3,2,0,0,467,893
115659787997741093,1850556607963872512,1850556607900957503,1392,1011,150,98000000,3,2,0,0,468,894
115659787997741094,1850556607963872512,1850556607900957505,1392,1625,150,46000000,3,2,0,0,469,895
115659787997741095,1850556607963872512,1850556607900957507,1392,1531,150,124000000,3,2,0,0,470,896
115659787997741096,1850556607963872513,1850556607900957507,1811,1531,150,38000000,3,2,0,0,471,897
115659787997741097,1850556607963872513,1850556607900957509,1811,1294,150,130000000,3,2,0,0,472,898
115659787997741098,1850556607963872513,1850556607900957512,1811,1407,150,8000000,3,2,0,0,473,899
115659787997741099,1850556607963872513,1850556607900957513,1811,1123,150,84000000,3,2,0,0,474,900
115659787997741100,1850556607963872515,1850556607900957513,1298,1123,150,2000000,3,2,0,0,475,901
115659787997741101,1850556607963872515,1850556607900957515,1298,1045,150,36000000,3,2,0,0,476,902
115659787997741102,1850556607963872515,1850556607900957516,1298,1868,150,50000000,3,2,0,0,477,903
115659787997741103,1850556607963872515,1850556607900957519,1298,1697,150,186000000,3,2,0,0,478,904
115659787997741104,1850556607963872515,1850556607900957521,1298,1450,150,24000000,3,2,0,0,479,905
115659787997741105,1850556607963872515,1850556607900957524,1298,1592,150,22000000,3,2,0,0,480,906
115659787997741106,1850556607963872516,1850556607900957524,1842,1592,150,166000000,3,2,0,0,481,907
115659787997741107,1850556607963872516,1850556607900957526,1842,1135,150,60000000,3,2,0,0,482,908
115659787997741108,1850556607963872516,1850556607900957529,1842,1791,150,62000000,3,2,0,0,483,909
115659787997741109,1850556607963872516,1850556607900957531,1842,1881,150,108000000,3,2,0,0,484,910
115659787997741110,1850556607963872516,1850556607900957532,1842,1755,150,58000000,3,2,0,0,485,911
115659787997741111,1850556607963872516,1850556607900957533,1842,1592,150,68000000,3,2,0,0,486,912
115659787997741112,1850556607963872516,1850556607900957534,1842,1194,150,56000000,3,2,0,0,487,913
115659787997741113,1850556607963872516,1850556607900957535,1842,1963,150,42000000,3,2,0,0,488,914
115659787997741114,1850556607963872516,1850556607900957538,1842,1901,150,10000000,3,2,0,0,489,915
115659787997741115,1850556607963872517,1850556607897811549,1542,1877,150,14000000,1,2,0,0,427,916
115659787997741116,1850556607963872517,1850556607897811550,1542,1233,150,20000000,1,2,0,0,428,917
115659787997741117,1850556607963872517,1850556607897811557,1542,1759,150,106000000,1,2,0,0,429,918
115659787997741118,1850556607963872517,1850556607897811559,1542,1867,150,54000000,1,2,0,0,430,919
115659787997741119,1850556607963872517,1850556607897811561,1542,1936,150,6000000,1,2,0,0,431,920
115659787997741120,1850556607963872517,1850556607897811562,1542,1393,150,62000000,1,2,0,0,432,921
115659787997741121,1850556607963872517,1850556607897811564,1542,1630,150,8000000,1,2,0,0,433,922
115659787997741122,1850556607963872518,1850556607900957538,1840,1901,150,82000000,3,2,0,0,490,923
115659787997741123,1850556607963872518,1850556607900957546,1840,1773,150,142000000,3,2,0,0,491,924
115659787997741124,1850556607963872518,1850556607900957548,1840,1953,150,24000000,3,2,0,0,492,925
115659787997741125,1850556607963872518,1850556607900957549,1840,1004,150,78000000,3,2,0,0,493,926
115659787997741126,1850556607963872518,1850556607902001209,1840,1175,150,134000000,3,2,0,0,494,927
115659787997741127,1850556607963872518,1850556607902001211,1840,1798,150,62000000,3,2,0,0,495,928
115659787997741128,1850556607963872518,1850556607902001214,1840,1209,150,88000000,3,2,0,0,496,929
115659787997741129,1850556607963872518,1850556607902001215,1840,1661,150,10000000,3,2,0,0,497,930
115659787997741130,1850556607963872518,1850556607902001216,1840,1473,150,126000000,3,2,0,0,498,931
115659787997741131,1850556607963872518,1850556607902001219,1840,1755,150,94000000,3,2,0,0,499,932
115659787997741132,1850556607963872521,1850556607897811564,1479,1630,150,94000000,1,2,0,0,434,933
115659787997741133,1850556607963872521,1850556607897811566,1479,1281,150,16000000,1,2,0,0,435,934
115659787997741134,1850556607963872524,1850556607902001219,1744,1755,150,86000000,3,2,0,0,500,935
115659787997741135,1850556607963872524,1850556607902001220,1744,1819,150,104000000,3,2,0,0,501,936
115659787997741136,1850556607963872524,1850556607902001221,1744,1925,150,94000000,3,2,0,0,502,937
115659787997741137,1850556607963872524,1850556607902001222,1744,1293,150,160000000,3,2,0,0,503,938
115659787997741138,1850556607963872524,1850556607902001224,1744,1097,150,16000000,3,2,0,0,504,939
115659787997741139,1850556607963872525,1850556607902001224,1006,1097,150,104000000,3,2,0,0,505,940
115659787997741140,1850556607963872525,1850556607902001226,1006,1280,150,20000000,3,2,0,0,506,941
115659787997741141,1850556607963872525,1850556607902001228,1006,1787,150,102000000,3,2,0,0,507,942
115659787997741142,1850556607963872525,1850556607902001231,1006,1496,150,108000000,3,2,0,0,508,943
115659787997741143,1850556607963872525,1850556607902001233,1006,1647,150,72000000,3,2,0,0,509,944
115659787997741144,1850556607963872525,1850556607902001234,1006,1461,150,54000000,3,2,0,0,510,945
115659787997741145,1850556607963872526,1850556607902001234,1231,1461,150,124000000,3,2,0,0,511,946
115659787997741146,1850556607963872526,1850556607903048796,1231,1672,150,40000000,3,2,0,0,512,947
115659787997741147,1850556607963872526,1850556607903048801,1231,1694,150,104000000,3,2,0,0,513,948
115659787997741148,1850556607963872526,1850556607903048803,1231,1819,150,92000000,3,2,0,0,514,949
115659787997741149,1850556607963872526,1850556607903048804,1231,1037,150,100000000,3,2,0,0,515,950
115659787997741150,1850556607963872527,1850556607897811566,1247,1281,150,90000000,1,2,0,0,436,951
115659787997741151,1850556607963872529,1850556607903048804,1692,1037,150,98000000,3,2,0,0,516,952
115659787997741152,1850556607963872529,1850556607903048805,1692,1282,150,178000000,3,2,0,0,517,953
115659787997741153,1850556607963872529,1850556607903048806,1692,1132,150,12000000,3,2,0,0,518,954
115659787997741154,1850556607963872529,1850556607903048807,1692,1852,150,132000000,3,2,0,0,519,955
115659787997741155,1850556607963872529,1850556607903048808,1692,1358,150,108000000,3,2,0,0,520,956
115659787997741156,1850556607963872529,1850556607905151664,1692,1337,150,194000000,3,2,0,0,521,957
115659787997741157,1850556607963872529,1850556607906196531,1692,1191,150,18000000,3,2,0,0,522,958
115659787997741158,1850556607963872529,1850556607906196533,1692,1806,150,100000000,3,2,0,0,523,959
115659787997741159,1850556607963872530,1850556607906196533,1971,1806,150,98000000,3,2,0,0,524,960
115659787997741160,1850556607963872530,1850556607906196534,1971,1659,150,120000000,3,2,0,0,525,961
115659787997741161,1850556607963872530,1850556607906196538,1971,1077,150,148000000,3,2,0,0,526,962
115659787997741162,1850556607963872530,1850556607906196540,1971,1829,150,72000000,3,2,0,0,527,963
115659787997741163,1850556607963872530,1850556607907248898,1971,1907,150,82000000,3,2,0,0,528,964
115659787997741164,1850556607963872531,1850556607897811566,1931,1281,150,4000000,1,2,0,0,437,965
115659787997741165,1850556607963872531,1850556607897811567,1931,1348,150,2000000,1,2,0,0,438,966
115659787997741166,1850556607963872531,1850556607898861402,1931,1509,150,32000000,1,2,0,0,439,967
115659787997741167,1850556607963872531,1850556607898861403,1931,1996,150,112000000,1,2,0,0,440,968
115659787997741168,1850556607963872532,1850556607907248898,1737,1907,150,74000000,3,2,0,0,529,969
115659787997741169,1850556607963872532,1850556607907248902,1737,1524,150,36000000,3,2,0,0,530,970
115659787997741170,1850556607963872532,1850556607907248903,1737,1897,150,50000000,3,2,0,0,531,971
115659787997741171,1850556607963872533,1850556607898861403,1935,1996,150,78000000,1,2,0,0,441,972
115659787997741172,1850556607963872533,1850556607898861404,1935,1630,150,20000000,1,2,0,0,442,973
115659787997741173,1850556607963872533,1850556607898861406,1935,1733,150,154000000,1,2,0,0,443,974
115659787997741174,1850556607963872533,1850556607898861407,1935,1497,150,26000000,1,2,0,0,444,975
115659787997741175,1850556607963872533,1850556607898861408,1935,1254,150,144000000,1,2,0,0,445,976
115659787997741176,1850556607963872533,1850556607898861412,1935,1616,150,28000000,1,2,0,0,446,977
115659787997741177,1850556607963872534,1850556607898861412,1000,1616,150,100000000,1,2,0,0,447,978
115659787997741178,1850556607963872535,1850556607907248903,1438,1897,150,26000000,3,2,0,0,532,979
115659787997741179,1850556607963872535,1850556607907248904,1438,1628,150,66000000,3,2,0,0,533,980
115659787997741180,1850556607963872535,1850556607907248907,1438,1065,150,182000000,3,2,0,0,534,981
115659787997741181,1850556607963872535,1850556607908293846,1438,1817,150,168000000,3,2,0,0,535,982
115659787997741182,1850556607963872535,1850556607910390445,1438,1397,150,192000000,3,2,0,0,536,983
115659787997741183,1850556607963872535,1850556607913534760,1438,1183,150,94000000,3,2,0,0,537,984
115659787997741184,1850556607963872535,1850556607913534761,1438,1353,150,2000000,3,2,0,0,538,985
115659787997741185,1850556607963872536,1850556607913534761,1464,1353,150,64000000,3,2,0,0,539,986
115659787997741186,1850556607963872536,1850556607914584547,1464,1250,150,148000000,3,2,0,0,540,987
115659787997741187,1850556607963872536,1850556607914584546,1464,1107,150,22000000,3,2,0,0,541,988
115659787997741188,1850556607963872536,1850556607915636012,1464,1928,150,14000000,3,2,0,0,542,989
115659787997741189,1850556607963872536,1850556607916686567,1464,1654,150,92000000,3,2,0,0,543,990
115659787997741190,1850556607963872536,1850556607916686568,1464,1312,150,162000000,3,2,0,0,544,991
115659787997741191,1850556607963872536,1850556607917729294,1464,1384,150,162000000,3,2,0,0,545,992
115659787997741192,1850556607963872536,1850556607917729295,1464,1444,150,18000000,3,2,0,0,546,993
115659787997741193,1850556607963872536,1850556607917729296,1464,1948,150,178000000,3,2,0,0,547,994
115659787997741194,1850556607963872537,1850556607917729296,1791,1948,150,8000000,3,2,0,0,548,995
115659787997741195,1850556607963872537,1850556607918780629,1791,1530,150,140000000,3,2,0,0,549,996
115659787997741196,1850556607963872537,1850556607918780630,1791,1897,150,12000000,3,2,0,0,550,997
115659787997741197,1850556607963872538,1850556607918780630,1398,1897,150,42000000,3,2,0,0,551,998
115659787997741198,1850556607963872538,1850556607919825301,1398,1284,150,180000000,3,2,0,0,552,999
115659787997741199,1850556607963872538,1850556607919825304,1398,1976,150,4000000,3,2,0,0,553,1000
115659787997741200,1850556607963872538,1850556607919825308,1398,1939,150,104000000,3,2,0,0,554,1001
115659787997741201,1850556607963872538,1850556607919825309,1398,1275,150,30000000,3,2,0,0,555,1002
115659787997741202,1850556607963872539,1850556607898861412,1583,1616,150,10000000,1,2,0,0,448,1003
115659787997741203,1850556607963872539,1850556607898861414,1583,1016,150,198000000,1,2,0,0,449,1004
115659787997741204,1850556607963872539,1850556607898861415,1583,1960,150,38000000,1,2,0,0,450,1005
115659787997741205,1850556607963872539,1850556607898861419,1583,1786,150,74000000,1,2,0,0,451,1006
115659787997741206,1850556607963872539,1850556607898861422,1583,1137,150,84000000,1,2,0,0,452,1007
115659787997741207,1850556607963872539,1850556607898861423,1583,1761,150,64000000,1,2,0,0,453,1008
115659787997741208,1850556607963872539,1850556607899903533,1583,1142,150,98000000,1,2,0,0,454,1009
115659787997741209,1850556607963872539,1850556607899903535,1583,1829,150,80000000,1,2,0,0,455,1010
115659787997741210,1850556607963872539,1850556607899903538,1583,1505,150,154000000,1,2,0,0,456,1011
115659787997741211,1850556607963872539,1850556607899903539,1583,1891,150,60000000,1,2,0,0,457,1012
115659787997741212,1850556607963872539,1850556607899903541,1583,1934,150,30000000,1,2,0,0,458,1013
115659787997741213,1850556607963872541,1850556607899903541,1617,1934,150,8000000,1,2,0,0,459,1014
115659787997741214,1850556607963872541,1850556607899903543,1617,1675,150,142000000,1,2,0,0,460,1015
115659787997741215,1850556607963872541,1850556607899903548,1617,1773,150,34000000,1,2,0,0,461,1016
115659787997741216,1850556607963872541,1850556607899903550,1617,1708,150,176000000,1,2,0,0,462,1017
115659787997741217,1850556607963872541,1850556607899903551,1617,1266,150,54000000,1,2,0,0,463,1018
115659787997741218,1850556607963872541,1850556607899903555,1617,1693,150,84000000,1,2,0,0,464,1019
115659787997741219,1850556607963872541,1850556607899903557,1617,1772,150,82000000,1,2,0,0,465,1020
